2228 3892
483 289 672 338 uouauas.
929 253 932 257 ’
997 302 1026 353 ta

129 382 278 442 succubuit
287 424 298 454 ,
319 401 413 458 neque
437 385 471 439 eb
490 382 581 439 secius
602 383 711 440 bellum
734 383 949 440 administravit.
973 387 1027 444 Sed

130 464 216 521 exiles
227 482 272 519 res
283 463 369 518 animi
378 463 602 538 magnitudinem
615 463 665 519 etsi
677 483 737 519 non
746 463 925 538 frangebant,
936 475 1027 521 tamen

130 542 343 598 imminuebant.
355 544 441 599 Hunc
449 560 623 618 persequens
634 542 835 618 Antigonustt,
847 562 937 616 quum
950 543 1028 600 omni

128 640 233 697 genere
245 623 395 696 copiarum
410 622 583 690 abundaret,
600 641 674 696 saepe
692 622 723 676 iu
741 620 889 678 itineribus
900 623 1027 678 vexaba-

129 711 186 769 tur,
197 720 293 775 ueque
309 720 437 774 unquam
452 701 489 756 ad
504 719 622 754 manum
638 701 771 756 accedere
788 701 904 769 licebat,
918 701 973 757 nisi
984 702 1027 760 his

128 779 200 836 locis
211 779 316 853 quibus
334 780 418 854 pauci
435 791 551 854 possent
561 779 657 835 multis
670 780 808 835 resistere.
830 781 885 836 Sed
899 792 1026 837 extremo

127 869 267 934 tempore,
279 877 369 931 quum
380 859 499 915 consilio
513 859 576 932 capi
586 878 646 914 non
659 870 761 933 posset,
775 859 957 916 multitudine
972 861 1026 916 cir-

129 948 295 994 cumventus
307 949 357 993 est.
369 938 443 994 Hinc
459 950 568 1008 tamen,
585 938 681 994 multis
692 938 749 995 suis
762 938 866 995 amissis
873 980 881 1007 ‚
893 958 922 994 se
938 958 1027 1013 cxpe-

127 1015 214 1085 divit,
235 1028 263 1073 et
281 1017 311 1072 in
331 1018 477 1074 castellum
491 1018 635 1094 Phrygiae,
651 1018 731 1090 quod
753 1019 834 1073 Nora
851 1017 1025 1091 appellatur,

126 1096 312 1171 confugit.·lu
324 1115 383 1170 quo
396 1116 487 1171 quum
499 1096 761 1163 circumsederetur,
774 1108 802 1151 et
812 1106 963 1150 vereretur
975 1115 1025 1167 ne,

126 1193 187 1230 uuo
196 1175 263 1232 loco
275 1195 405 1244 manens,
415 1177 645 1248 equosmilitares
652 1175 800 1248 perderet,
813 1175 893 1248 qubd
903 1174 1025 1248 spatium

125 1271 184 1308 uon
194 1253 433 1328 essetagitandi¹⁵;
442 1253 871 1325 callidumsuitejusinventum,
883 1254 1024 1327 quemad-

125 1330 519 1404 modum¹⁵stansjumentum
527 1331 650 1389 calefieri
657 1333 840 1407 exercerique
848 1345 954 1408 posset,
965 1336 1025 1407 qub

125 1409 259 1468 libentius
271 1422 300 1466 et
314 1411 379 1466 cibo
395 1422 524 1468 uteretur
537 1421 563 1467 et
577 1432 594 1468 a
610 1413 741 1486 corporis
754 1425 835 1468 motu
851 1433 911 1468 non
923 1431 1023 1468 remo-

127 1501 251 1547 veretur.
264 1490 481 1565 Substringehat
492 1503 578 1565 caput
589 1492 665 1558 loro,
676 1492 759 1546 altius
770 1491 858 1563 quam
869 1503 902 1546 ut
913 1492 1024 1564 priori-

125 1567 179 1624 bus
190 1569 311 1644 pedibus
327 1571 411 1645 plane
426 1582 532 1627 terram
543 1581 637 1645 posset
654 1571 806 1645 attingere,
819 1570 922 1625 deinde
933 1569 1025 1644 pbstlf

125 1649 292 1704 verberibus
303 1648 423 1724 cogebat
437 1650 577 1706 exsultare
590 1661 618 1705 et
626 1650 717 1705 calces
729 1650 889 1705 remittere:
902 1649 953 1722 qui
962 1668 1024 1705 mo·

126 1738 170 1784 tus
181 1747 242 1783 non
257 1730 350 1785 minias
366 1730 502 1786 sudorem
514 1728 674 1785 excutiebat
686 1729 774 1801 quam
786 1729 808 1784 si
825 1730 855 1784 in
866 1727 957 1802 spatio
973 1729 1023 1786 de·

123 1819 262 1864 curreret.
277 1811 343 1878 Quo
355 1810 460 1864 factum
473 1820 525 1878 est,
538 1809 616 1882 quod
634 1809 766 1864 omnibus
779 1808 908 1864 mirabile
926 1819 966 1863 est
977 1808 1027 1863 via

124 1905 200 1955 sum,
212 1899 246 1942 ut
253 1887 383 1959 jumenta
400 1890 480 1962 aequ'e
491 1890 580 1943 nitida
595 1906 630 1942 ex
643 1889 756 1943 castello
770 1888 917 1954 educeret,
933 1905 1023 1958 quum

123 1966 287 2040 complures
304 1985 413 2021 menses
428 1969 459 2021 in
476 1967 624 2021 obsidione
636 1964 744 2032 fuisset,
758 1984 790 2020 ac
806 1966 829 2019 si
845 1966 874 2018 in
890 1983 1021 2038 campes-

123 2044 252 2100 tribusea
258 2043 580 2102 locishabuisset.lnhac
587 2043 779 2114 conclusione,
788 2044 1023 2118 quotiescumque

123 2125 227 2192 voluit,
243 2137 412 2200 apparatum
429 2137 456 2181 et
465 2124 637 2181 munitiones
649 2124 786 2197 Antigoni
800 2124 867 2178 alias
884 2123 1021 2194 incendit,

122 2202 190 2258 alias
200 2203 316 2277 disjecit.
324 2205 428 2260 Tenuit
437 2217 530 2264 autem
540 2223 568 2259 se
580 2223 639 2258 uno
652 2204 717 2258 loco
728 2202 1021 2276 quandiufuithiems.

123 2281 238 2351 Qubdi6
256 2295 380 2338 castrum
393 2284 517 2339 subsidia
532 2282 639 2337 habere
654 2301 715 2336 non
731 2293 858 2355 poterat,
872 2291 899 2334 et
910 2299 961 2335 ver
973 2301 1023 2355 ap-

123 2361 351 2436 propinquabat,
363 2362 493 2418 simulata
509 2361 666 2427 deditione,
679 2361 747 2414 dum
760 2361 796 2414 de
810 2358 1022 2416 conditionibus

122 2451 231 2510 tractat,
241 2440 379 2516 praefectis
388 2436 703 2520 Antigoniimposuit¹⁷,
712 2455 798 2517 seque
810 2457 842 2498 ac
849 2455 915 2497 suos
923 2456 1023 2504 omnes

123 2520 244 2586 extraxit
252 2520 418 2587 incolumes
989 2561 1060 2644 ‘ab

112 2659 117 2685 l

99 2709 119 2735 ,ἱ
192 2613 264 2720 Μ.
272 2667 389 2718 Eumenes
403 2663 537 2737 Olympiadi
550 2669 653 2721 consulit
667 2679 690 2722 et
703 2670 783 2722 liberis
794 2661 931 2724 Alexandri.

164 2786 208 2844 Au
219 2782 298 2840 hunc
309 2783 463 2878 Olympias,
474 2796 565 2840 mater
577 2804 639 2860 quae
651 2786 743 2843 luerat
752 2788 917 2859 Alexandri,
931 2809 1019 2863 quum

132 2861 228 2920 itteras
240 2875 268 2920 et
276 2865 393 2920 nuntios
402 2863 519 2920 misisset
530 2865 560 2920 iu
572 2865 679 2936 Asiam,
690 2869 852 2924 consultum
864 2870 962 2925 utriun
974 2888 1019 2928 re·

122 2943 1018 3045 petitumMacedoniamveniret(namtuminEpirohabitabat),

123 3031 151 3076 et
163 3040 209 3077 eas
220 3041 266 3078 res
278 3034 445 3098 occuparet:
457 3023 525 3081 huie
538 3026 585 3081 ille
599 3026 724 3100 primum
734 3027 819 3082 suasit
830 3045 866 3082 ue
878 3046 906 3084 se
918 3047 1017 3088 tuore-

122 3097 179 3170 re't,
187 3112 215 3156 et
223 3114 396 3177 exspectaret
405 3105 500 3177 quoad
512 3103 902 3180 Alexandrifilius¹⁷regrtum
912 3107 1012 3182 adipis·

122 3190 249 3251 ceretur;
261 3182 304 3238 sin
316 3183 411 3257 aliqua
427 3186 579 3260 cupiditate
596 3195 746 3259 raperetur
763 3185 792 3240 in
806 3187 1005 3243 Macedoniam

122 3261 252 3317 omnium
270 3263 441 3336 injuriarum
455 3265 669 3320 oblivisceretur
681 3275 709 3320 et
724 3265 755 3319 in
771 3267 914 3322 neminem
933 3281 1018 3322 acer-

120 3337 204 3397 biore
215 3345 364 3399 uteretur'
356 3346 488 3421 imperio.
504 3347 618 3404 Horum
633 3345 705 3402 nihil
721 3365 753 3401 ea
770 3345 850 3403 fecit·
867 3364 933 3404 num
949 3346 1019 3404 etin

121 3419 321 3481 Macedoniam
332 3424 461 3502 profecta
471 3439 515 3489 est
533 3438 561 3487 et
572 3426 611 3486 ibi
623 3424 851 3488 crudelissimae
864 3428 955 3506 gessit
967 3429 1018 3488 Pe-
