<?xml version="1.0" encoding="UTF-8"?>
<!DOCTYPE html PUBLIC "-//W3C//DTD XHTML 1.0 Transitional//EN"
    "http://www.w3.org/TR/xhtml1/DTD/xhtml1-transitional.dtd">
<html xmlns="http://www.w3.org/1999/xhtml" xml:lang="en" lang="en">
 <head>
  <title>
</title>
<meta http-equiv="Content-Type" content="text/html;charset=utf-8" />
  <meta name='ocr-system' content='tesseract 3.04.00' />
  <meta name='ocr-capabilities' content='ocr_page ocr_carea ocr_par ocr_line ocrx_word'/>
</head>
<body>
  <div class='ocr_page' id='page_1' title='image "./corneliinepotis10nepogoog_0098.png"; bbox 0 0 2228 3892; ppageno 0'>
   <div class='ocr_carea' id='block_1_1' title="bbox 104 309 725 366">
    <p class='ocr_par' dir='ltr' id='par_1_1' title="bbox 104 309 725 366">
     <span class='ocr_line' id='line_1_1' title="bbox 104 309 725 366; baseline -0.008 -1"><span class='ocrx_word' id='word_1_1' title='bbox 104 316 136 366; x_wconf 80' lang='lat'><strong>⁸2</strong></span> <span class='ocrx_word' id='word_1_2' title='bbox 357 310 542 360; x_wconf 77' lang='lat' dir='ltr'><strong>CORNELII</strong></span> <span class='ocrx_word' id='word_1_3' title='bbox 559 309 725 360; x_wconf 76' lang='lat' dir='ltr'><strong>tttttotrt</strong></span> 
     </span>
    </p>
   </div>
   <div class='ocr_carea' id='block_1_2' title="bbox 103 403 1059 780">
    <p class='ocr_par' dir='ltr' id='par_1_2' title="bbox 103 403 1059 780">
     <span class='ocr_line' id='line_1_2' title="bbox 104 403 1035 480; baseline -0.003 -16"><span class='ocrx_word' id='word_1_4' title='bbox 104 429 183 464; x_wconf 91' lang='lat' dir='ltr'><strong>mum</strong></span> <span class='ocrx_word' id='word_1_5' title='bbox 198 408 233 463; x_wconf 90' lang='lat' dir='ltr'><strong>ad</strong></span> <span class='ocrx_word' id='word_1_6' title='bbox 246 425 273 462; x_wconf 90' lang='lat' dir='ltr'><strong>se</strong></span> <span class='ocrx_word' id='word_1_7' title='bbox 286 405 377 460; x_wconf 90' lang='lat' dir='ltr'><strong>filium</strong></span> <span class='ocrx_word' id='word_1_8' title='bbox 389 405 513 473; x_wconf 82' lang='lat' dir='ltr'><strong>admisit,</strong></span> <span class='ocrx_word' id='word_1_9' title='bbox 522 423 616 479; x_wconf 89' lang='lat' dir='ltr'><strong>neque</strong></span> <span class='ocrx_word' id='word_1_10' title='bbox 627 404 771 480; x_wconf 81' lang='lat' dir='ltr'><strong>adspexit,</strong></span> <span class='ocrx_word' id='word_1_11' title='bbox 782 403 852 477; x_wconf 88' lang='lat' dir='ltr'><strong>quin</strong></span> <span class='ocrx_word' id='word_1_12' title='bbox 865 421 934 461; x_wconf 83' lang='lat' dir='ltr'><strong>eum</strong></span> <span class='ocrx_word' id='word_1_13' title='bbox 948 403 1007 461; x_wconf 78' lang='lat' dir='ltr'><strong>fra·</strong></span> <span class='ocrx_word' id='word_1_14' title='bbox 1032 464 1035 469; x_wconf 72' lang='grc'><em>,</em></span> 
     </span>
     <span class='ocr_line' id='line_1_3' title="bbox 104 483 1059 560; baseline -0.001 -16"><span class='ocrx_word' id='word_1_15' title='bbox 104 488 232 544; x_wconf 87' lang='lat' dir='ltr'><strong>tricidam</strong></span> <span class='ocrx_word' id='word_1_16' title='bbox 246 485 434 558; x_wconf 88' lang='lat' dir='ltr'><strong>impiumque,</strong></span> <span class='ocrx_word' id='word_1_17' title='bbox 447 485 608 556; x_wconf 77' lang='lat' dir='ltr'><strong>detestans3,</strong></span> <span class='ocrx_word' id='word_1_18' title='bbox 621 486 814 560; x_wconf 83' lang='lat' dir='ltr'><strong>compellaret</strong></span> <span class='ocrx_word' id='word_1_19' title='bbox 834 483 1004 554; x_wconf 80' lang='lat' dir='ltr'><strong>Quibuaro·</strong></span> <span class='ocrx_word' id='word_1_20' title='bbox 1056 519 1059 527; x_wconf 43' lang='grc' dir='ltr'><strong>ν</strong></span> 
     </span>
     <span class='ocr_line' id='line_1_4' title="bbox 104 563 1009 637; baseline 0 -13"><span class='ocrx_word' id='word_1_21' title='bbox 104 567 156 624; x_wconf 86' lang='lat' dir='ltr'><strong>bus</strong></span> <span class='ocrx_word' id='word_1_22' title='bbox 169 566 239 622; x_wconf 78' lang='lat' dir='ltr'><strong>adeo</strong></span> <span class='ocrx_word' id='word_1_23' title='bbox 252 575 291 620; x_wconf 89' lang='lat' dir='ltr'><strong>est</strong></span> <span class='ocrx_word' id='word_1_24' title='bbox 303 575 461 620; x_wconf 87' lang='lat' dir='ltr'><strong>commotus</strong></span> <span class='ocrx_word' id='word_1_25' title='bbox 473 575 506 619; x_wconf 92' lang='lat' dir='ltr'><strong>ut</strong></span> <span class='ocrx_word' id='word_1_26' title='bbox 517 582 726 637; x_wconf 87' lang='lat' dir='ltr'><strong>nonnunquam</strong></span> <span class='ocrx_word' id='word_1_27' title='bbox 732 565 796 621; x_wconf 86' lang='lat' dir='ltr'><strong>vitae</strong></span> <span class='ocrx_word' id='word_1_28' title='bbox 809 563 899 620; x_wconf 89' lang='lat' dir='ltr'><strong>finem</strong></span> <span class='ocrx_word' id='word_1_29' title='bbox 908 564 1009 624; x_wconf 77' lang='lat' dir='ltr'><strong>secere</strong></span> 
     </span>
     <span class='ocr_line' id='line_1_5' title="bbox 104 643 1009 720; baseline 0.002 -20"><span class='ocrx_word' id='word_1_30' title='bbox 104 644 241 712; x_wconf 86' lang='lat' dir='ltr'><strong>voluerit,</strong></span> <span class='ocrx_word' id='word_1_31' title='bbox 253 655 337 716; x_wconf 87' lang='lat' dir='ltr'><strong>atque</strong></span> <span class='ocrx_word' id='word_1_32' title='bbox 344 662 380 699; x_wconf 86' lang='lat' dir='ltr'><strong>ex</strong></span> <span class='ocrx_word' id='word_1_33' title='bbox 387 643 568 720; x_wconf 73' lang='lat' dir='ltr'><strong>ingratorum</strong></span> <span class='ocrx_word' id='word_1_34' title='bbox 578 643 730 700; x_wconf 88' lang='lat' dir='ltr'><strong>bominum</strong></span> <span class='ocrx_word' id='word_1_35' title='bbox 741 655 897 720; x_wconf 88' lang='lat' dir='ltr'><strong>conspectu</strong></span> <span class='ocrx_word' id='word_1_36' title='bbox 907 655 1009 702; x_wconf 84' lang='lat' dir='ltr'><strong>morte</strong></span> 
     </span>
     <span class='ocr_line' id='line_1_6' title="bbox 103 722 248 780; baseline -0.014 0"><span class='ocrx_word' id='word_1_37' title='bbox 103 722 248 780; x_wconf 84' lang='lat' dir='ltr'><strong>decedere.</strong></span> 
     </span>
    </p>
   </div>
   <div class='ocr_carea' id='block_1_3' title="bbox 105 834 1009 1004">
    <p class='ocr_par' dir='ltr' id='par_1_3' title="bbox 105 834 1009 1004">
     <span class='ocr_line' id='line_1_7' title="bbox 105 834 1009 933; baseline 0.004 -17"><span class='ocrx_word' id='word_1_38' title='bbox 105 871 138 918; x_wconf 85' lang='lat' dir='ltr'><strong>tl.</strong></span> <span class='ocrx_word' id='word_1_39' title='bbox 158 866 283 916; x_wconf 87' lang='lat' dir='ltr'><strong>Timoleon</strong></span> <span class='ocrx_word' id='word_1_40' title='bbox 297 864 439 932; x_wconf 88' lang='lat' dir='ltr'><strong>Dionysium</strong></span> <span class='ocrx_word' id='word_1_41' title='bbox 454 866 579 933; x_wconf 88' lang='lat' dir='ltr'><strong>depulsum</strong></span> <span class='ocrx_word' id='word_1_42' title='bbox 591 834 819 917; x_wconf 71' lang='lat' dir='ltr'><strong>stetitcormdum</strong></span> <span class='ocrx_word' id='word_1_43' title='bbox 830 865 906 928; x_wconf 84' lang='lat' dir='ltr'><strong>misit;</strong></span> <span class='ocrx_word' id='word_1_44' title='bbox 915 869 1009 921; x_wconf 75' lang='lat' dir='ltr'><strong>Icetm</strong></span> 
     </span>
     <span class='ocr_line' id='line_1_8' title="bbox 301 936 802 1004; baseline 0.008 -19"><span class='ocrx_word' id='word_1_45' title='bbox 301 936 369 998; x_wconf 73' lang='lat' dir='ltr'><strong>vicit,</strong></span> <span class='ocrx_word' id='word_1_46' title='bbox 386 940 470 986; x_wconf 85' lang='lat' dir='ltr'><strong>Poencs</strong></span> <span class='ocrx_word' id='word_1_47' title='bbox 482 936 557 998; x_wconf 73' lang='lat' dir='ltr'><strong>fudit,</strong></span> <span class='ocrx_word' id='word_1_48' title='bbox 570 941 718 989; x_wconf 82' lang='lat' dir='ltr'><strong>Mamercum</strong></span> <span class='ocrx_word' id='word_1_49' title='bbox 731 936 802 1004; x_wconf 88' lang='lat' dir='ltr'><strong>oepit.</strong></span> 
     </span>
    </p>
   </div>
   <div class='ocr_carea' id='block_1_4' title="bbox 57 1079 1057 2796">
    <p class='ocr_par' dir='ltr' id='par_1_4' title="bbox 57 1079 1057 2654">
     <span class='ocr_line' id='line_1_9' title="bbox 57 1079 1007 1156; baseline 0.003 -19"><span class='ocrx_word' id='word_1_50' title='bbox 57 1119 63 1124; x_wconf 82' lang='lat'>·</span> <span class='ocrx_word' id='word_1_51' title='bbox 144 1085 267 1138; x_wconf 83' lang='lat' dir='ltr'><strong>lnrmuu</strong></span> <span class='ocrx_word' id='word_1_52' title='bbox 286 1082 381 1136; x_wconf 90' lang='lat' dir='ltr'><strong>Dione</strong></span> <span class='ocrx_word' id='word_1_53' title='bbox 399 1079 544 1156; x_wconf 82' lang='lat' dir='ltr'><strong>Syracusis</strong></span> <span class='ocrx_word' id='word_1_54' title='bbox 560 1079 725 1148; x_wconf 85' lang='lat' dir='ltr'><strong>interfecto,</strong></span> <span class='ocrx_word' id='word_1_55' title='bbox 740 1079 893 1156; x_wconf 86' lang='lat' dir='ltr'><strong>Dionysius</strong></span> <span class='ocrx_word' id='word_1_56' title='bbox 903 1100 1007 1140; x_wconf 86' lang='lat' dir='ltr'><strong>rursus</strong></span> 
     </span>
     <span class='ocr_line' id='line_1_10' title="bbox 103 1159 1007 1235; baseline -0.002 -17"><span class='ocrx_word' id='word_1_57' title='bbox 103 1163 320 1235; x_wconf 85' lang='lat' dir='ltr'><strong>Syracusarum³</strong></span> <span class='ocrx_word' id='word_1_58' title='bbox 333 1160 440 1234; x_wconf 86' lang='lat' dir='ltr'><strong>potitus</strong></span> <span class='ocrx_word' id='word_1_59' title='bbox 452 1170 500 1216; x_wconf 88' lang='lat' dir='ltr'><strong>est.</strong></span> <span class='ocrx_word' id='word_1_60' title='bbox 513 1159 601 1233; x_wconf 91' lang='lat' dir='ltr'><strong>Cujus</strong></span> <span class='ocrx_word' id='word_1_61' title='bbox 613 1159 767 1215; x_wconf 86' lang='lat' dir='ltr'><strong>adversarii</strong></span> <span class='ocrx_word' id='word_1_62' title='bbox 776 1177 886 1234; x_wconf 91' lang='lat' dir='ltr'><strong>opema</strong></span> <span class='ocrx_word' id='word_1_63' title='bbox 898 1160 1007 1217; x_wconf 89' lang='lat' dir='ltr'><strong>Corin-</strong></span> 
     </span>
     <span class='ocr_line' id='line_1_11' title="bbox 104 1239 1006 1314; baseline 0.003 -20"><span class='ocrx_word' id='word_1_64' title='bbox 104 1240 168 1294; x_wconf 90' lang='lat' dir='ltr'><strong>thiis</strong></span> <span class='ocrx_word' id='word_1_65' title='bbox 180 1242 357 1312; x_wconf 85' lang='lat' dir='ltr'><strong>petiverunt,</strong></span> <span class='ocrx_word' id='word_1_66' title='bbox 371 1240 548 1313; x_wconf 89' lang='lat' dir='ltr'><strong>ducemque,</strong></span> <span class='ocrx_word' id='word_1_67' title='bbox 562 1258 621 1313; x_wconf 91' lang='lat' dir='ltr'><strong>quo</strong></span> <span class='ocrx_word' id='word_1_68' title='bbox 629 1240 664 1295; x_wconf 90' lang='lat' dir='ltr'><strong>in</strong></span> <span class='ocrx_word' id='word_1_69' title='bbox 675 1239 752 1294; x_wconf 92' lang='lat' dir='ltr'><strong>bello</strong></span> <span class='ocrx_word' id='word_1_70' title='bbox 762 1250 927 1308; x_wconf 89' lang='lat' dir='ltr'><strong>uterentur,</strong></span> <span class='ocrx_word' id='word_1_71' title='bbox 937 1259 1006 1314; x_wconf 92' lang='lat' dir='ltr'><strong>pos·</strong></span> 
     </span>
     <span class='ocr_line' id='line_1_12' title="bbox 103 1317 1006 1386; baseline 0.006 -15"><span class='ocrx_word' id='word_1_72' title='bbox 103 1318 240 1373; x_wconf 79' lang='lat' dir='ltr'><strong>tultirunt.</strong></span> <span class='ocrx_word' id='word_1_73' title='bbox 270 1319 333 1371; x_wconf 92' lang='lat' dir='ltr'><strong>Huc</strong></span> <span class='ocrx_word' id='word_1_74' title='bbox 357 1318 509 1372; x_wconf 85' lang='lat' dir='ltr'><strong>Timoleon</strong></span> <span class='ocrx_word' id='word_1_75' title='bbox 540 1319 658 1386; x_wconf 89' lang='lat' dir='ltr'><strong>missus,</strong></span> <span class='ocrx_word' id='word_1_76' title='bbox 682 1318 843 1375; x_wconf 88' lang='lat' dir='ltr'><strong>incredibili</strong></span> <span class='ocrx_word' id='word_1_77' title='bbox 872 1317 1006 1376; x_wconf 83' lang='lat' dir='ltr'><strong>felicitate</strong></span> 
     </span>
     <span class='ocr_line' id='line_1_13' title="bbox 104 1395 1008 1472; baseline 0.003 -21"><span class='ocrx_word' id='word_1_78' title='bbox 104 1396 275 1472; x_wconf 93' lang='lat' dir='ltr'><strong>Dionysium</strong></span> <span class='ocrx_word' id='word_1_79' title='bbox 291 1395 348 1450; x_wconf 78' lang='lat' dir='ltr'><strong>tota</strong></span> <span class='ocrx_word' id='word_1_80' title='bbox 361 1395 455 1451; x_wconf 75' lang='lat' dir='ltr'><strong>Sicilia</strong></span> <span class='ocrx_word' id='word_1_81' title='bbox 471 1396 592 1469; x_wconf 90' lang='lat' dir='ltr'><strong>depulit.</strong></span> <span class='ocrx_word' id='word_1_82' title='bbox 606 1399 703 1465; x_wconf 90' lang='lat' dir='ltr'><strong>Quum</strong></span> <span class='ocrx_word' id='word_1_83' title='bbox 717 1397 879 1453; x_wconf 89' lang='lat' dir='ltr'><strong>interficere</strong></span> <span class='ocrx_word' id='word_1_84' title='bbox 894 1411 1008 1472; x_wconf 82' lang='lat' dir='ltr'><strong>posset,</strong></span> 
     </span>
     <span class='ocr_line' id='line_1_14' title="bbox 104 1474 1004 1550; baseline -0.001 -19"><span class='ocrx_word' id='word_1_85' title='bbox 104 1477 209 1544; x_wconf 89' lang='lat' dir='ltr'><strong>noluit,</strong></span> <span class='ocrx_word' id='word_1_86' title='bbox 233 1475 352 1548; x_wconf 77' lang='lat' dir='ltr'><strong>tutoque</strong></span> <span class='ocrx_word' id='word_1_87' title='bbox 371 1486 403 1530; x_wconf 94' lang='lat' dir='ltr'><strong>ut</strong></span> <span class='ocrx_word' id='word_1_88' title='bbox 422 1474 594 1532; x_wconf 83' lang='lat' dir='ltr'><strong>Corinthum</strong></span> <span class='ocrx_word' id='word_1_89' title='bbox 612 1476 784 1550; x_wconf 86' lang='lat' dir='ltr'><strong>perveniret,</strong></span> <span class='ocrx_word' id='word_1_90' title='bbox 798 1476 905 1542; x_wconf 84' lang='lat' dir='ltr'><strong>effecit,</strong></span> <span class='ocrx_word' id='word_1_91' title='bbox 922 1479 1004 1550; x_wconf 73' lang='lat' dir='ltr'><strong>quud</strong></span> 
     </span>
     <span class='ocr_line' id='line_1_15' title="bbox 103 1554 1005 1631; baseline 0.004 -21"><span class='ocrx_word' id='word_1_92' title='bbox 103 1567 295 1628; x_wconf 86' lang='lat' dir='ltr'><strong>utrorumque</strong></span> <span class='ocrx_word' id='word_1_93' title='bbox 316 1554 523 1631; x_wconf 80' lang='lat' dir='ltr'><strong>Dionysiorum</strong></span> <span class='ocrx_word' id='word_1_94' title='bbox 541 1555 644 1630; x_wconf 90' lang='lat' dir='ltr'><strong>opibus</strong></span> <span class='ocrx_word' id='word_1_95' title='bbox 662 1556 804 1611; x_wconf 90' lang='lat' dir='ltr'><strong>Corinthii</strong></span> <span class='ocrx_word' id='word_1_96' title='bbox 825 1572 896 1629; x_wconf 85' lang='lat' dir='ltr'><strong>saepe</strong></span> <span class='ocrx_word' id='word_1_97' title='bbox 912 1555 1005 1628; x_wconf 85' lang='lat' dir='ltr'><strong>adjuti</strong></span> 
     </span>
     <span class='ocr_line' id='line_1_16' title="bbox 103 1633 1005 1708; baseline 0.007 -21"><span class='ocrx_word' id='word_1_98' title='bbox 103 1634 232 1688; x_wconf 89' lang='lat' dir='ltr'><strong>fuerant:</strong></span> <span class='ocrx_word' id='word_1_99' title='bbox 252 1634 334 1704; x_wconf 88' lang='lat' dir='ltr'><strong>cujus</strong></span> <span class='ocrx_word' id='word_1_100' title='bbox 352 1633 531 1708; x_wconf 80' lang='lat' dir='ltr'><strong>benignitatis</strong></span> <span class='ocrx_word' id='word_1_101' title='bbox 551 1636 719 1690; x_wconf 89' lang='lat' dir='ltr'><strong>memoriam</strong></span> <span class='ocrx_word' id='word_1_102' title='bbox 738 1636 853 1691; x_wconf 86' lang='lat' dir='ltr'><strong>volebat</strong></span> <span class='ocrx_word' id='word_1_103' title='bbox 878 1645 1005 1707; x_wconf 78' lang='lat' dir='ltr'><strong>exstare3</strong></span> 
     </span>
     <span class='ocr_line' id='line_1_17' title="bbox 104 1711 1006 1787; baseline 0.007 -21"><span class='ocrx_word' id='word_1_104' title='bbox 104 1730 224 1783; x_wconf 87' lang='lat' dir='ltr'><strong>eamque</strong></span> <span class='ocrx_word' id='word_1_105' title='bbox 245 1711 412 1784; x_wconf 85' lang='lat' dir='ltr'><strong>praeclaram</strong></span> <span class='ocrx_word' id='word_1_106' title='bbox 434 1711 583 1767; x_wconf 89' lang='lat' dir='ltr'><strong>victoriam</strong></span> <span class='ocrx_word' id='word_1_107' title='bbox 604 1714 727 1768; x_wconf 89' lang='lat' dir='ltr'><strong>ducebat</strong></span> <span class='ocrx_word' id='word_1_108' title='bbox 745 1714 775 1769; x_wconf 90' lang='lat' dir='ltr'><strong>in</strong></span> <span class='ocrx_word' id='word_1_109' title='bbox 788 1713 1006 1787; x_wconf 75' lang='lat' dir='ltr'><strong>qudplusesset</strong></span> 
     </span>
     <span class='ocr_line' id='line_1_18' title="bbox 103 1788 1051 1865; baseline 0.005 -19"><span class='ocrx_word' id='word_1_110' title='bbox 103 1789 257 1846; x_wconf 87' lang='lat' dir='ltr'><strong>clementiae</strong></span> <span class='ocrx_word' id='word_1_111' title='bbox 270 1790 358 1861; x_wconf 79' lang='lat' dir='ltr'><strong>quam</strong></span> <span class='ocrx_word' id='word_1_112' title='bbox 370 1788 558 1860; x_wconf 74' lang='lat' dir='ltr'><strong>crudelitatis,</strong></span> <span class='ocrx_word' id='word_1_113' title='bbox 569 1792 715 1865; x_wconf 79' lang='lat' dir='ltr'><strong>postremi)</strong></span> <span class='ocrx_word' id='word_1_114' title='bbox 729 1803 833 1848; x_wconf 89' lang='lat' dir='ltr'><strong>utnon</strong></span> <span class='ocrx_word' id='word_1_115' title='bbox 846 1795 940 1850; x_wconf 81' lang='lat' dir='ltr'><strong>solum</strong></span> <span class='ocrx_word' id='word_1_116' title='bbox 951 1813 1006 1850; x_wconf 85' lang='lat' dir='ltr'><strong>au·</strong></span> <span class='ocrx_word' id='word_1_117' title='bbox 1049 1838 1051 1842; x_wconf 78' lang='lat'><em>.</em></span> 
     </span>
     <span class='ocr_line' id='line_1_19' title="bbox 103 1869 1057 1945; baseline 0.006 -21"><span class='ocrx_word' id='word_1_118' title='bbox 103 1870 182 1927; x_wconf 87' lang='lat' dir='ltr'><strong>ribus</strong></span> <span class='ocrx_word' id='word_1_119' title='bbox 194 1869 385 1944; x_wconf 87' lang='lat' dir='ltr'><strong>acciperetur,</strong></span> <span class='ocrx_word' id='word_1_120' title='bbox 404 1869 453 1924; x_wconf 92' lang='lat' dir='ltr'><strong>sed</strong></span> <span class='ocrx_word' id='word_1_121' title='bbox 466 1869 549 1925; x_wconf 89' lang='lat' dir='ltr'><strong>etiam</strong></span> <span class='ocrx_word' id='word_1_122' title='bbox 564 1870 654 1927; x_wconf 87' lang='lat' dir='ltr'><strong>oculis</strong></span> <span class='ocrx_word' id='word_1_123' title='bbox 666 1883 846 1940; x_wconf 88' lang='lat' dir='ltr'><strong>cerneretur,</strong></span> <span class='ocrx_word' id='word_1_124' title='bbox 859 1891 963 1945; x_wconf 87' lang='lat' dir='ltr'><strong>quem,</strong></span> <span class='ocrx_word' id='word_1_125' title='bbox 976 1885 1005 1930; x_wconf 87' lang='lat' dir='ltr'><strong>et</strong></span> <span class='ocrx_word' id='word_1_126' title='bbox 1055 1930 1057 1934; x_wconf 78' lang='grc'><strong>,</strong></span> 
     </span>
     <span class='ocr_line' id='line_1_20' title="bbox 103 1950 1004 2024; baseline 0.004 -20"><span class='ocrx_word' id='word_1_127' title='bbox 103 1969 138 2005; x_wconf 88' lang='lat' dir='ltr'><strong>ex</strong></span> <span class='ocrx_word' id='word_1_128' title='bbox 153 1961 261 2023; x_wconf 88' lang='lat' dir='ltr'><strong>quanto</strong></span> <span class='ocrx_word' id='word_1_129' title='bbox 282 1968 388 2024; x_wconf 88' lang='lat' dir='ltr'><strong>regno,</strong></span> <span class='ocrx_word' id='word_1_130' title='bbox 410 1950 552 2023; x_wconf 91' lang='lat' dir='ltr'><strong>adquam</strong></span> <span class='ocrx_word' id='word_1_131' title='bbox 577 1950 721 2007; x_wconf 88' lang='lat' dir='ltr'><strong>fortunam</strong></span> <span class='ocrx_word' id='word_1_132' title='bbox 742 1951 911 2007; x_wconf 74' lang='lat' dir='ltr'><strong>detrusisset</strong></span> <span class='ocrx_word' id='word_1_133' title='bbox 935 1954 1004 2014; x_wconf 81' lang='lat' dir='ltr'><strong>Post</strong></span> 
     </span>
     <span class='ocr_line' id='line_1_21' title="bbox 104 2028 1005 2101; baseline 0.004 -19"><span class='ocrx_word' id='word_1_134' title='bbox 104 2028 233 2101; x_wconf 84' lang='lat' dir='ltr'><strong>Dionysii</strong></span> <span class='ocrx_word' id='word_1_135' title='bbox 257 2028 430 2093; x_wconf 79' lang='lat' dir='ltr'><strong>decessumt,</strong></span> <span class='ocrx_word' id='word_1_136' title='bbox 445 2047 512 2082; x_wconf 91' lang='lat' dir='ltr'><strong>cum</strong></span> <span class='ocrx_word' id='word_1_137' title='bbox 523 2029 610 2083; x_wconf 73' lang='lat' dir='ltr'><strong>Icetd⁴</strong></span> <span class='ocrx_word' id='word_1_138' title='bbox 623 2030 751 2096; x_wconf 82' lang='lat' dir='ltr'><strong>bellavit,</strong></span> <span class='ocrx_word' id='word_1_139' title='bbox 769 2030 819 2101; x_wconf 88' lang='lat' dir='ltr'><strong>qui</strong></span> <span class='ocrx_word' id='word_1_140' title='bbox 839 2031 1005 2088; x_wconf 86' lang='lat' dir='ltr'><strong>adversatus</strong></span> 
     </span>
     <span class='ocr_line' id='line_1_22' title="bbox 104 2105 1002 2178; baseline 0.002 -19"><span class='ocrx_word' id='word_1_141' title='bbox 104 2106 196 2161; x_wconf 87' lang='lat' dir='ltr'><strong>fuerat</strong></span> <span class='ocrx_word' id='word_1_142' title='bbox 209 2105 363 2177; x_wconf 83' lang='lat' dir='ltr'><strong>Dionysi03</strong></span> <span class='ocrx_word' id='word_1_143' title='bbox 383 2123 469 2176; x_wconf 89' lang='lat' dir='ltr'><strong>quem</strong></span> <span class='ocrx_word' id='word_1_144' title='bbox 488 2123 549 2159; x_wconf 90' lang='lat' dir='ltr'><strong>non</strong></span> <span class='ocrx_word' id='word_1_145' title='bbox 568 2105 636 2159; x_wconf 92' lang='lat' dir='ltr'><strong>odio</strong></span> <span class='ocrx_word' id='word_1_146' title='bbox 659 2107 816 2178; x_wconf 85' lang='lat' dir='ltr'><strong>tyrannidis</strong></span> <span class='ocrx_word' id='word_1_147' title='bbox 830 2107 1002 2176; x_wconf 88' lang='lat' dir='ltr'><strong>dissensisse,</strong></span> 
     </span>
     <span class='ocr_line' id='line_1_23' title="bbox 103 2181 1001 2258; baseline 0 -18"><span class='ocrx_word' id='word_1_148' title='bbox 103 2184 152 2240; x_wconf 92' lang='lat' dir='ltr'><strong>sed</strong></span> <span class='ocrx_word' id='word_1_149' title='bbox 164 2183 333 2257; x_wconf 85' lang='lat' dir='ltr'><strong>cupiditate,</strong></span> <span class='ocrx_word' id='word_1_150' title='bbox 346 2182 451 2238; x_wconf 85' lang='lat' dir='ltr'><strong>indicio</strong></span> <span class='ocrx_word' id='word_1_151' title='bbox 465 2181 530 2251; x_wconf 84' lang='lat' dir='ltr'><strong>fuit,</strong></span> <span class='ocrx_word' id='word_1_152' title='bbox 543 2183 623 2256; x_wconf 77' lang='lat' dir='ltr'><strong>quod</strong></span> <span class='ocrx_word' id='word_1_153' title='bbox 632 2182 705 2258; x_wconf 89' lang='lat' dir='ltr'><strong>ipse,</strong></span> <span class='ocrx_word' id='word_1_154' title='bbox 717 2183 839 2257; x_wconf 81' lang='lat' dir='ltr'><strong>expulso</strong></span> <span class='ocrx_word' id='word_1_155' title='bbox 852 2183 1001 2257; x_wconf 90' lang='lat' dir='ltr'><strong>Dionysio,</strong></span> 
     </span>
     <span class='ocr_line' id='line_1_24' title="bbox 104 2261 1003 2338; baseline 0.002 -20"><span class='ocrx_word' id='word_1_156' title='bbox 104 2262 256 2338; x_wconf 89' lang='lat' dir='ltr'><strong>imperium</strong></span> <span class='ocrx_word' id='word_1_157' title='bbox 268 2263 409 2318; x_wconf 86' lang='lat' dir='ltr'><strong>dimittere</strong></span> <span class='ocrx_word' id='word_1_158' title='bbox 421 2263 522 2318; x_wconf 88' lang='lat' dir='ltr'><strong>noluit.</strong></span> <span class='ocrx_word' id='word_1_159' title='bbox 533 2264 596 2319; x_wconf 88' lang='lat' dir='ltr'><strong>Hoc</strong></span> <span class='ocrx_word' id='word_1_160' title='bbox 608 2261 764 2337; x_wconf 81' lang='lat' dir='ltr'><strong>superat05,</strong></span> <span class='ocrx_word' id='word_1_161' title='bbox 777 2263 930 2318; x_wconf 85' lang='lat' dir='ltr'><strong>Timoleon</strong></span> <span class='ocrx_word' id='word_1_162' title='bbox 942 2282 1003 2320; x_wconf 87' lang='lat' dir='ltr'><strong>ma-</strong></span> 
     </span>
     <span class='ocr_line' id='line_1_25' title="bbox 104 2340 1002 2418; baseline 0.003 -20"><span class='ocrx_word' id='word_1_163' title='bbox 104 2344 191 2400; x_wconf 86' lang='lat' dir='ltr'><strong>ximas</strong></span> <span class='ocrx_word' id='word_1_164' title='bbox 208 2343 303 2418; x_wconf 88' lang='lat' dir='ltr'><strong>copias</strong></span> <span class='ocrx_word' id='word_1_165' title='bbox 320 2343 595 2417; x_wconf 83' lang='lat' dir='ltr'><strong>Carthaginiensium</strong></span> <span class='ocrx_word' id='word_1_166' title='bbox 608 2343 685 2417; x_wconf 94' lang='lat' dir='ltr'><strong>apud</strong></span> <span class='ocrx_word' id='word_1_167' title='bbox 699 2341 882 2400; x_wconf 80' lang='lat' dir='ltr'><strong>Crimessum⁶</strong></span> <span class='ocrx_word' id='word_1_168' title='bbox 894 2340 1002 2401; x_wconf 85' lang='lat' dir='ltr'><strong>flumen</strong></span> 
     </span>
     <span class='ocr_line' id='line_1_26' title="bbox 104 2422 1001 2499; baseline -0.001 -20"><span class='ocrx_word' id='word_1_169' title='bbox 104 2423 227 2499; x_wconf 74' lang='lat' dir='ltr'><strong>fugavit,</strong></span> <span class='ocrx_word' id='word_1_170' title='bbox 240 2443 272 2478; x_wconf 88' lang='lat' dir='ltr'><strong>ac</strong></span> <span class='ocrx_word' id='word_1_171' title='bbox 285 2423 348 2480; x_wconf 90' lang='lat' dir='ltr'><strong>satis</strong></span> <span class='ocrx_word' id='word_1_172' title='bbox 359 2423 468 2479; x_wconf 88' lang='lat' dir='ltr'><strong>habere</strong></span> <span class='ocrx_word' id='word_1_173' title='bbox 480 2423 572 2499; x_wconf 84' lang='lat' dir='ltr'><strong>coegit</strong></span> <span class='ocrx_word' id='word_1_174' title='bbox 584 2423 607 2479; x_wconf 86' lang='lat' dir='ltr'><strong>si</strong></span> <span class='ocrx_word' id='word_1_175' title='bbox 617 2423 715 2480; x_wconf 88' lang='lat' dir='ltr'><strong>liceret</strong></span> <span class='ocrx_word' id='word_1_176' title='bbox 726 2423 853 2479; x_wconf 76' lang='lat' dir='ltr'><strong>Africam</strong></span> <span class='ocrx_word' id='word_1_177' title='bbox 861 2422 1001 2494; x_wconf 86' lang='lat' dir='ltr'><strong>obtinere,</strong></span> 
     </span>
     <span class='ocr_line' id='line_1_27' title="bbox 104 2501 1001 2579; baseline 0 -20"><span class='ocrx_word' id='word_1_178' title='bbox 104 2506 153 2576; x_wconf 92' lang='lat' dir='ltr'><strong>qui</strong></span> <span class='ocrx_word' id='word_1_179' title='bbox 162 2505 221 2575; x_wconf 85' lang='lat' dir='ltr'><strong>jam</strong></span> <span class='ocrx_word' id='word_1_180' title='bbox 234 2504 397 2576; x_wconf 86' lang='lat' dir='ltr'><strong>complures</strong></span> <span class='ocrx_word' id='word_1_181' title='bbox 413 2523 504 2560; x_wconf 87' lang='lat' dir='ltr'><strong>annos</strong></span> <span class='ocrx_word' id='word_1_182' title='bbox 522 2503 727 2579; x_wconf 87' lang='lat' dir='ltr'><strong>possessionem</strong></span> <span class='ocrx_word' id='word_1_183' title='bbox 747 2503 846 2561; x_wconf 83' lang='lat' dir='ltr'><strong>Siciliae</strong></span> <span class='ocrx_word' id='word_1_184' title='bbox 858 2501 1001 2559; x_wconf 89' lang='lat' dir='ltr'><strong>tenebant.</strong></span> 
     </span>
     <span class='ocr_line' id='line_1_28' title="bbox 104 2581 1003 2654; baseline 0.001 -17"><span class='ocrx_word' id='word_1_185' title='bbox 104 2582 185 2654; x_wconf 88' lang='lat' dir='ltr'><strong>Cepit</strong></span> <span class='ocrx_word' id='word_1_186' title='bbox 198 2583 281 2638; x_wconf 87' lang='lat' dir='ltr'><strong>etiam</strong></span> <span class='ocrx_word' id='word_1_187' title='bbox 292 2581 495 2651; x_wconf 67' lang='lat' dir='ltr'><strong>Mamercum,</strong></span> <span class='ocrx_word' id='word_1_188' title='bbox 509 2584 638 2639; x_wconf 89' lang='lat' dir='ltr'><strong>Italicum</strong></span> <span class='ocrx_word' id='word_1_189' title='bbox 651 2585 766 2653; x_wconf 78' lang='lat' dir='ltr'><strong>ducem,</strong></span> <span class='ocrx_word' id='word_1_190' title='bbox 780 2583 926 2640; x_wconf 90' lang='lat' dir='ltr'><strong>hominem</strong></span> <span class='ocrx_word' id='word_1_191' title='bbox 941 2583 1003 2639; x_wconf 87' lang='lat' dir='ltr'><strong>hel-</strong></span> 
     </span>
    </p>

    <p class='ocr_par' dir='ltr' id='par_1_5' title="bbox 90 2661 1001 2796">
     <span class='ocr_line' id='line_1_29' title="bbox 90 2661 1001 2737; baseline 0.003 -22"><span class='ocrx_word' id='word_1_192' title='bbox 90 2661 223 2716; x_wconf 88' lang='lat' dir='ltr'><strong>·licosum</strong></span> <span class='ocrx_word' id='word_1_193' title='bbox 237 2673 263 2715; x_wconf 90' lang='lat' dir='ltr'><strong>et</strong></span> <span class='ocrx_word' id='word_1_194' title='bbox 285 2673 443 2735; x_wconf 88' lang='lat' dir='ltr'><strong>potentem,</strong></span> <span class='ocrx_word' id='word_1_195' title='bbox 455 2661 505 2736; x_wconf 80' lang='lat' dir='ltr'><strong>qui</strong></span> <span class='ocrx_word' id='word_1_196' title='bbox 526 2672 664 2737; x_wconf 88' lang='lat' dir='ltr'><strong>tyrannos</strong></span> <span class='ocrx_word' id='word_1_197' title='bbox 680 2664 809 2734; x_wconf 84' lang='lat' dir='ltr'><strong>adjutum</strong></span> <span class='ocrx_word' id='word_1_198' title='bbox 832 2663 862 2718; x_wconf 89' lang='lat' dir='ltr'><strong>in</strong></span> <span class='ocrx_word' id='word_1_199' title='bbox 879 2662 1001 2720; x_wconf 88' lang='lat' dir='ltr'><strong>Siciliam</strong></span> 
     </span>
     <span class='ocr_line' id='line_1_30' title="bbox 103 2750 227 2796; baseline -0.008 -1"><span class='ocrx_word' id='word_1_200' title='bbox 103 2750 227 2796; x_wconf 82' lang='lat' dir='ltr'><strong>venerat</strong></span> 
     </span>
    </p>
   </div>
   <div class='ocr_carea' id='block_1_5' title="bbox 159 2868 946 2942">
    <p class='ocr_par' dir='ltr' id='par_1_6' title="bbox 159 2868 946 2942">
     <span class='ocr_line' id='line_1_31' title="bbox 159 2868 946 2942; baseline 0.001 -20"><span class='ocrx_word' id='word_1_201' title='bbox 159 2878 205 2924; x_wconf 90' lang='lat'>111.</span> <span class='ocrx_word' id='word_1_202' title='bbox 227 2872 365 2936; x_wconf 87' lang='lat' dir='ltr'><strong>Timoleon,</strong></span> <span class='ocrx_word' id='word_1_203' title='bbox 375 2871 508 2924; x_wconf 82' lang='lat' dir='ltr'><strong>instauratis</strong></span> <span class='ocrx_word' id='word_1_204' title='bbox 518 2872 601 2926; x_wconf 86' lang='lat' dir='ltr'><strong>instdae</strong></span> <span class='ocrx_word' id='word_1_205' title='bbox 610 2873 694 2937; x_wconf 84' lang='lat' dir='ltr'><strong>rebus,</strong></span> <span class='ocrx_word' id='word_1_206' title='bbox 703 2871 828 2942; x_wconf 84' lang='lat' dir='ltr'><strong>imperium</strong></span> <span class='ocrx_word' id='word_1_207' title='bbox 839 2868 946 2941; x_wconf 78' lang='lat' dir='ltr'><strong>deponit.</strong></span> 
     </span>
    </p>
   </div>
   <div class='ocr_carea' id='block_1_6' title="bbox 104 3011 1002 3398">
    <p class='ocr_par' dir='ltr' id='par_1_7' title="bbox 104 3011 1002 3325">
     <span class='ocr_line' id='line_1_32' title="bbox 145 3011 1000 3088; baseline 0 -20"><span class='ocrx_word' id='word_1_208' title='bbox 145 3016 252 3084; x_wconf 85' lang='lat' dir='ltr'><strong>Qumus</strong></span> <span class='ocrx_word' id='word_1_209' title='bbox 265 3015 350 3069; x_wconf 85' lang='lat' dir='ltr'><strong>rebus</strong></span> <span class='ocrx_word' id='word_1_210' title='bbox 362 3011 507 3080; x_wconf 88' lang='lat' dir='ltr'><strong>consectis,</strong></span> <span class='ocrx_word' id='word_1_211' title='bbox 530 3031 633 3084; x_wconf 88' lang='lat' dir='ltr'><strong>quum,</strong></span> <span class='ocrx_word' id='word_1_212' title='bbox 654 3025 774 3088; x_wconf 83' lang='lat' dir='ltr'><strong>propter</strong></span> <span class='ocrx_word' id='word_1_213' title='bbox 788 3013 1000 3070; x_wconf 83' lang='lat' dir='ltr'><strong>diuturnitatem</strong></span> 
     </span>
     <span class='ocr_line' id='line_1_33' title="bbox 104 3091 1001 3168; baseline -0.001 -20"><span class='ocrx_word' id='word_1_214' title='bbox 104 3094 188 3163; x_wconf 87' lang='lat' dir='ltr'><strong>belli,</strong></span> <span class='ocrx_word' id='word_1_215' title='bbox 200 3113 259 3148; x_wconf 90' lang='lat' dir='ltr'><strong>non</strong></span> <span class='ocrx_word' id='word_1_216' title='bbox 275 3094 367 3149; x_wconf 84' lang='lat' dir='ltr'><strong>soliun</strong></span> <span class='ocrx_word' id='word_1_217' title='bbox 382 3093 512 3168; x_wconf 87' lang='lat' dir='ltr'><strong>regiones</strong></span> <span class='ocrx_word' id='word_1_218' title='bbox 524 3091 574 3148; x_wconf 90' lang='lat' dir='ltr'><strong>sed</strong></span> <span class='ocrx_word' id='word_1_219' title='bbox 586 3091 668 3146; x_wconf 91' lang='lat' dir='ltr'><strong>etiam</strong></span> <span class='ocrx_word' id='word_1_220' title='bbox 680 3093 766 3148; x_wconf 91' lang='lat' dir='ltr'><strong>urbes</strong></span> <span class='ocrx_word' id='word_1_221' title='bbox 778 3093 901 3148; x_wconf 88' lang='lat' dir='ltr'><strong>desertas</strong></span> <span class='ocrx_word' id='word_1_222' title='bbox 924 3093 1001 3148; x_wconf 90' lang='lat' dir='ltr'><strong>vide-</strong></span> 
     </span>
     <span class='ocr_line' id='line_1_34' title="bbox 104 3170 1002 3247; baseline -0.001 -19"><span class='ocrx_word' id='word_1_223' title='bbox 104 3187 163 3241; x_wconf 85' lang='lat' dir='ltr'><strong>ret,</strong></span> <span class='ocrx_word' id='word_1_224' title='bbox 188 3173 371 3247; x_wconf 87' lang='lat' dir='ltr'><strong>conquisivit,</strong></span> <span class='ocrx_word' id='word_1_225' title='bbox 394 3192 467 3245; x_wconf 88' lang='lat' dir='ltr'><strong>quos</strong></span> <span class='ocrx_word' id='word_1_226' title='bbox 487 3171 593 3247; x_wconf 87' lang='lat' dir='ltr'><strong>potuit,</strong></span> <span class='ocrx_word' id='word_1_227' title='bbox 613 3171 738 3245; x_wconf 82' lang='lat' dir='ltr'><strong>primum</strong></span> <span class='ocrx_word' id='word_1_228' title='bbox 760 3170 883 3239; x_wconf 90' lang='lat' dir='ltr'><strong>Siculos;</strong></span> <span class='ocrx_word' id='word_1_229' title='bbox 898 3170 1002 3228; x_wconf 88' lang='lat' dir='ltr'><strong>deinde</strong></span> 
     </span>
     <span class='ocr_line' id='line_1_35' title="bbox 105 3248 1000 3325; baseline 0.001 -20"><span class='ocrx_word' id='word_1_230' title='bbox 105 3252 245 3309; x_wconf 87' lang='lat' dir='ltr'><strong>Corintho</strong></span> <span class='ocrx_word' id='word_1_231' title='bbox 259 3253 401 3309; x_wconf 84' lang='lat' dir='ltr'><strong>arcessivit</strong></span> <span class='ocrx_word' id='word_1_232' title='bbox 413 3252 548 3319; x_wconf 89' lang='lat' dir='ltr'><strong>colonos,</strong></span> <span class='ocrx_word' id='word_1_233' title='bbox 562 3250 640 3324; x_wconf 75' lang='lat' dir='ltr'><strong>quim</strong></span> <span class='ocrx_word' id='word_1_234' title='bbox 654 3251 689 3304; x_wconf 83' lang='lat' dir='ltr'><strong>ab</strong></span> <span class='ocrx_word' id='word_1_235' title='bbox 704 3248 747 3306; x_wconf 91' lang='lat' dir='ltr'><strong>his</strong></span> <span class='ocrx_word' id='word_1_236' title='bbox 759 3249 839 3305; x_wconf 91' lang='lat' dir='ltr'><strong>initio</strong></span> <span class='ocrx_word' id='word_1_237' title='bbox 856 3252 1000 3325; x_wconf 83' lang='lat' dir='ltr'><strong>Syracusae</strong></span> 
     </span>
    </p>

    <p class='ocr_par' dir='ltr' id='par_1_8' title="bbox 121 3329 1000 3398">
     <span class='ocr_line' id='line_1_36' title="bbox 121 3329 1000 3398; baseline 0.006 -17"><span class='ocrx_word' id='word_1_238' title='bbox 121 3343 185 3384; x_wconf 86' lang='lat' dir='ltr'><strong>rant</strong></span> <span class='ocrx_word' id='word_1_239' title='bbox 197 3335 339 3389; x_wconf 66' lang='lat' dir='ltr'><strong>conditaess.</strong></span> <span class='ocrx_word' id='word_1_240' title='bbox 349 3333 463 3388; x_wconf 88' lang='lat' dir='ltr'><strong>Civibus</strong></span> <span class='ocrx_word' id='word_1_241' title='bbox 475 3332 618 3387; x_wconf 85' lang='lat' dir='ltr'><strong>veteribus</strong></span> <span class='ocrx_word' id='word_1_242' title='bbox 629 3350 677 3386; x_wconf 80' lang='lat' dir='ltr'><strong>sua</strong></span> <span class='ocrx_word' id='word_1_243' title='bbox 686 3329 822 3398; x_wconf 90' lang='lat' dir='ltr'><strong>restituit,</strong></span> <span class='ocrx_word' id='word_1_244' title='bbox 830 3331 911 3386; x_wconf 90' lang='lat' dir='ltr'><strong>novis</strong></span> <span class='ocrx_word' id='word_1_245' title='bbox 923 3331 1000 3386; x_wconf 92' lang='lat' dir='ltr'><strong>bello</strong></span> 
     </span>
    </p>
   </div>
   <div class='ocr_carea' id='block_1_7' title="bbox 109 3407 993 3488">
    <p class='ocr_par' dir='ltr' id='par_1_9' title="bbox 109 3407 993 3488">
     <span class='ocr_line' id='line_1_37' title="bbox 109 3407 993 3488; baseline 0.002 -26"><span class='ocrx_word' id='word_1_246' title='bbox 109 3415 275 3470; x_wconf 80' lang='lat' dir='ltr'><strong>vacuefactas</strong></span> <span class='ocrx_word' id='word_1_247' title='bbox 292 3418 470 3488; x_wconf 63' lang='lat' dir='ltr'><strong>possessiones</strong></span> <span class='ocrx_word' id='word_1_248' title='bbox 489 3411 597 3478; x_wconf 62' lang='lat' dir='ltr'><strong>divisitr</strong></span> <span class='ocrx_word' id='word_1_249' title='bbox 615 3411 725 3467; x_wconf 79' lang='lat' dir='ltr'><strong>urbium</strong></span> <span class='ocrx_word' id='word_1_250' title='bbox 746 3409 844 3466; x_wconf 76' lang='lat' dir='ltr'><strong>moenia</strong></span> <span class='ocrx_word' id='word_1_251' title='bbox 866 3407 993 3478; x_wconf 79' lang='lat' dir='ltr'><strong>disjecta.</strong></span> 
     </span>
    </p>
   </div>
   <div class='ocr_carea' id='block_1_8' title="bbox 0 0 1118 3892">
    <p class='ocr_par' dir='ltr' id='par_1_10' title="bbox 0 0 1118 3892">
     <span class='ocr_line' id='line_1_38' title="bbox 0 0 1118 3892; baseline 0 0"><span class='ocrx_word' id='word_1_252' title='bbox 0 0 1118 3892; x_wconf 95' lang='lat' dir='ltr'><strong> </strong></span> 
     </span>
    </p>
   </div>
  </div>
 </body>
</html>
