2228 3892
478 309 582 360 DlON.
955 313 985 362 ltl

92 424 165 476 mes,
178 406 264 462 telum
282 404 351 460 foris
371 403 541 478 flagitantes,
554 404 651 460 vivum
664 405 806 461 tenebant.
826 405 878 468 Cui
896 424 988 480 quum

91 496 269 540 succurreret
286 503 386 551 nemo,
404 485 481 558 Lyco
496 484 612 556 quidam
629 486 822 558 Syracusanus
838 478 890 560 per
907 485 987 541 iene-

92 574 162 646 stras
175 564 300 638 gladium
315 563 410 631 dedit,
424 582 483 635 quo
495 563 571 617 Dion
584 563 747 618 interfectus
760 574 808 618 est.

144 712 176 757 X.
198 709 236 756 Fit
249 709 361 756 tumultus
373 717 396 757 et
408 709 491 757 caedes.
503 707 652 756 Desiderium
670 708 756 757 mortui
775 708 858 757 Dionis
871 708 984 775 sequitur.

130 849 281 903 Courucra
302 848 393 916 eaede,
416 868 504 923 quum
528 848 681 904 multitudo
700 848 808 904 visendi
827 848 916 922 gratia
938 847 984 904 in-

91 929 215 997 troisset,
233 928 366 982 nonnulli
380 927 415 982 ab
430 928 521 983 insciis
532 947 587 1002 pro
603 928 694 984 noxiis
706 928 984 986 conciduntur.Nam

90 1007 175 1062 celeri
186 1025 304 1062 rumore
316 1007 402 1061 dilato
409 1047 417 1074 ,
430 1007 516 1062 Dioni
527 1008 584 1061 vim
598 1007 724 1074 allatam,
739 1007 984 1061 multiconcurre·

89 1086 279 1158 rant,quibus
297 1087 348 1140 tale
367 1086 474 1141 facinus
489 1087 661 1160 displicebat.
683 1087 720 1140 Hi
738 1085 807 1139 falsi
827 1085 979 1158 suspicion.

89 1164 183 1231 ducti,
205 1165 398 1232 immerentes,
423 1176 455 1219 ut
475 1163 659 1229 scelerat0s27,
676 1164 821 1218 occidunt:
838 1163 930 1234 llujus
949 1163 985 1220 de
1074 1222 1077 1227 ,

89 1255 181 1298 morte
201 1256 233 1297 ut
253 1244 346 1316 palam
371 1243 475 1298 foetum
491 1254 545 1309 est,
557 1242 724 1296 mirabiliter
743 1241 820 1315 vulgi
840 1242 983 1297 immutata

88 1332 129 1376 est
141 1321 271 1376 voluntas
285 1341 291 1375 :
304 1341 369 1375 nam
384 1321 434 1394 qui
447 1321 543 1375 vivum
557 1340 620 1375 euin
638 1333 792 1395 tyrannum
813 1322 984 1390 vocitdrant,

88 1400 172 1455 iidem
196 1400 377 1455 liberatorem
400 1401 498 1474 patriae
517 1400 688 1475 tyrannique
710 1400 892 1474 expulsorem
908 1420 983 1473 prae·

87 1478 227 1535 dicabant.
243 1480 287 1535 Sic
297 1479 391 1534 subiti)
404 1479 597 1534 misericordia
607 1480 674 1533 odio
685 1492 867 1546 successerat,
881 1489 909 1533 et
918 1497 984 1534 eum

87 1577 139 1613 suo
147 1559 295 1633 sanguine,
304 1559 326 1612 si
337 1570 451 1631 possent
459 1598 466 1624 ‚
475 1559 511 1611 ab
518 1559 824 1631 Acherontectiperent
835 1557 982 1612 redimere.

87 1637 224 1710 Itaquein
232 1638 313 1704 urbe,
327 1637 542 1692 celeberrimo²⁸
550 1638 625 1705 loco,
633 1638 721 1691 elatus
730 1635 851 1710 publice,
862 1635 984 1710 sepulcri

87 1728 272 1772 monumento
286 1718 409 1772 donatus
423 1729 471 1771 est.
486 1717 569 1793 Diem
586 1716 657 1771 obiit
668 1715 779 1771 circiter
793 1734 882 1770 annos
894 1714 981 1788 quin-

87 1796 220 1870 quaginta
232 1796 361 1869 quinqne
373 1807 470 1864 natus,
488 1808 621 1869 quartum
638 1807 703 1871 post
720 1814 827 1851 annum
844 1793 932 1868 quam
949 1811 984 1849 ex

87 1875 285 1949 Peloponneso
299 1876 330 1928 in
340 1875 462 1930 Siciliam
475 1876 608 1930 redierat.

87 2011 314 2029 ΜἉὶῑδὶἏὶἉὶ
318 2011 419 2027 ᾺῚἏΊΛ
423 2012 453 2026 v}
457 2011 513 2027 ΩΑΑΛ
517 2007 984 2028 txsmmvwsuvuaennnvnnm

368 2109 694 2180 IPHICRATES.

230 2258 291 2308 Car.
312 2263 340 2307 t.-
349 2257 478 2324 Iphicrates
488 2258 574 2308 nobilis
588 2257 710 2325 disciplina
722 2257 826 2308 militari.

125 2383 308 2452 limenius,
322 2382 514 2451 Atheniensis,
532 2392 661 2437 nontam
673 2381 867 2454 magnitudine
883 2399 982 2437 rerum

86 2461 322 2535 gestarumqu'am
330 2461 476 2533 disciplina
486 2460 601 2514 militari
608 2459 772 2513 nobilitatus
781 2469 828 2512 est.
838 2459 901 2514 Fuit
906 2457 983 2514 enim

87 2539 150 2594 talis
162 2540 223 2593 dux
234 2551 337 2593 utnon
351 2539 444 2592 solirm
457 2538 614 2609 aetatis,suae
632 2557 696 2593 cum
718 2537 816 2611 primis
830 2556 981 2612 eompara-

87 2627 176 2684 retur,
191 2617 239 2671 sed
249 2635 285 2671 ne
296 2616 331 2671 de
339 2617 691 2688 majoribusnatuquidem
700 2617 850 2690 quisquam
863 2628 981 2690 antepo-

87 2695 339 2753 nereturlllultiim
347 2696 417 2752 vero
427 2696 539 2751 inbello
549 2707 727 2764 estversatus,
734 2715 805 2769 saepe
812 2696 981 2753 exercitibus

87 2775 208 2849 praefuit,
215 2793 355 2847 nusquam
368 2775 454 2849 eulpd
463 2773 513 2831 suit
524 2775 595 2830 male
603 2794 663 2829 rem
672 2776 761 2848 gessit,
769 2773 981 2849 semperconsi·

87 2854 126 2909 lio
137 2853 218 2922 vicit,
231 2854 397 2926 tantumque
412 2873 445 2909 eo
459 2854 547 2908 valuit
557 2865 588 2907 ut
601 2855 688 2908 multa
700 2855 728 2909 in
742 2874 773 2910 re
787 2855 901 2909 militari
910 2871 980 2927 par·

88 2933 137 2987 tim
149 2952 225 2987 nova
239 2933 379 3000 attulerit,
400 2933 502 3006 partim
523 2932 640 2988 meliora
660 2933 765 2990 fecerit.
785 2937 914 3005 Namque
931 2932 981 2988 ille

87 3011 225 3085 pedestria
244 3030 321 3087 arma
338 3013 471 3079 mutavit,
489 3031 577 3085 quum
598 3023 662 3067 ante
680 3015 760 3067 illum
777 3013 980 3086 imperatorem

88 3089 215 3144 maximis
226 3090 344 3164 clypeis,
359 3091 493 3146 brevibus
504 3092 605 3159 hastis,
624 3092 738 3146 minutis
750 3092 848 3165 gladiis
862 3103 979 3146 uteren-

91 3187 148 3236 eur3
160 3168 207 3224 ille
219 3187 234 3224 e
246 3170 390 3226 contrario
403 3170 517 3245 peltant
534 3190 589 3244 pro
600 3171 698 3244 parmi
706 3170 780 3240 lecit,
788 3191 804 3225 a
813 3190 872 3243 quo
883 3177 979 3242 postea

89 3248 222 3315 peltastae
236 3249 343 3322 pedites
356 3250 554 3323 appellantur,
570 3261 601 3304 ut
613 3250 649 3305 ad
663 3262 757 3306 motus
769 3264 980 3319 concursusque

87 3338 176 3380 essent
188 3330 317 3385 leviores.
332 3329 424 3384 Hastae
437 3329 555 3388 modum
564 3328 731 3403 duplicavit,
744 3328 851 3404 gladios
866 3326 979 3400 longio-

92 3423 135 3458 res
149 3405 220 3461 fecit.
240 3410 317 3464 luem
337 3409 416 3479 'godus
440 3415 588 3470 loricarum
607 3415 736 3483 mutavit,
755 3423 793 3480 et,
812 3432 864 3480 pro
888 3407 980 3464 sertis²

147 3650 156 3684 t
