2228 3892
113 320 153 376 42
374 316 565 363 CORNELII
583 315 747 364 rtueoms

116 421 200 484 atque
214 408 308 476 ench,
329 406 441 463 linteas³
453 407 540 464 dedit.
553 411 620 479 Quo
626 407 704 464 facto
714 409 1014 482 expediamus-milites

116 487 256 546 reddidit·
269 504 348 557 narn,
363 486 492 573 pondere
504 487 642 555 detracto,
655 486 837 561 qu0d⁴eque
847 505 954 581 corpere
964 499 1008 545 te-

115 577 193 642 geret
205 577 232 622 et
245 566 306 621 leve
318 576 403 635 esset,
413 565 531 622 curavit.

115 702 147 747 11.
160 696 290 764 Iphicrates
301 697 390 747 betium
403 695 472 762 gessit
486 713 540 747 cem
549 695 691 757 Thracihos;
707 697 894 746 Laced-amos
907 698 1007 764 inperita

184 772 306 817 Persarum
320 765 584 832 conductitiisprreiuiu
595 766 782 834 Epaminondam
791 767 925 818 retardavit.

152 886 272 941 Bsnnuu
283 905 349 942 cum
361 885 520 941 Thracssius
529 883 632 959 gessit⁵;
644 885 785 952 Seutl'ren,
798 884 906 941 socium
917 882 1008 941 nme-

113 963 273 1033 niensium,
292 965 322 1020 in
340 983 462 1040 regnum
478 963 608 1020 restituit.
632 964 720 1038 Apud
744 963 913 1019 Corinthum
932 964 1007 1020 tanti
1031 1010 1033 1015 ,

114 1043 259 1100 severitate
282 1043 418 1100 exercitui
431 1042 544 1118 praefuit
566 1053 599 1097 ut
615 1044 701 1106 nullae
716 1061 843 1116 unquam
856 1045 885 1097 in
898 1041 1008 1098 Graecid

84 1143 88 1151 ’
114 1140 206 1196 neque
218 1124 427 1179 exercitatiores
445 1121 546 1198 copiae,
565 1140 659 1195 neque
679 1122 767 1196 magis
787 1119 878 1177 dicto⁶
889 1120 1009 1176 audien-

113 1210 154 1256 tes
168 1201 275 1257 fuerint
292 1202 373 1270 duci;
389 1201 419 1269 in
434 1219 553 1275 eamque
571 1200 806 1256 consuetudinem
827 1199 944 1255 adduxit
959 1209 1006 1267 ut,

113 1295 203 1349 quum
227 1280 317 1352 praelii
335 1280 447 1353 signum
470 1280 507 1335 ab
527 1278 699 1354 imperatore
724 1291 794 1336 esset
814 1279 931 1348 datum,
949 1277 1007 1336 sind

113 1354 192 1413 ducis
206 1358 295 1431 opera
302 1356 340 1412 sie
351 1358 488 1412 ordinatae
499 1357 684 1421 consisterent
695 1369 728 1413 ut
736 1358 839 1432 singuli
850 1377 866 1411 a
878 1354 1007 1432 peritississ

112 1453 161 1490 mo
171 1434 344 1510 imperatore
351 1435 478 1510 dispositi
489 1435 663 1493 viderentur.
672 1437 734 1491 Hoc
741 1436 867 1492 exercitu
879 1432 1008 1492 Moram?

112 1514 392 1572 lacedaemoniorum
405 1515 553 1589 intercepit
567 1534 574 1571 :
587 1515 667 1588 quod
677 1515 798 1571 maxime
813 1515 872 1569 tota
881 1513 1008 1571 celebra-

112 1601 174 1648 tum
186 1606 227 1651 est
241 1596 360 1651 Graecia.
372 1596 481 1651 lterum
490 1594 592 1650 eodem
603 1594 679 1650 heho
692 1613 790 1650 omnes
802 1593 896 1666 copias
905 1611 1007 1649 eorum

113 1669 238 1746 fugavit:
255 1691 313 1746 quo
337 1672 412 1728 facto
428 1692 561 1747 magnam
582 1673 700 1746 adeptus
718 1684 757 1728 est
770 1672 897 1746 glorium.
912 1674 1008 1741 Quum

113 1749 298 1806 Artaxerxes⁸
313 1750 446 1826 AEgyptio
458 1751 521 1825 regi
532 1750 639 1805 beilum
657 1750 764 1806 inferre
776 1751 917 1817 voluisset,
925 1751 1009 1825 iphi-

112 1838 217 1884 cratem
230 1829 266 1884 ab
278 1829 496 1885 Atheniensibus
512 1827 611 1902 petivit
624 1829 745 1899 ducem,
755 1843 839 1902 quem
852 1827 1009 1903 praeficeret

112 1907 248 1964 exercitui
268 1908 456 1976 conductitio,
476 1907 558 1979 cujus
571 1927 708 1963 numerus
720 1906 871 1964 duodecim
885 1907 1006 1977 millium

112 1984 173 2042 tuit.
187 1989 280 2057 Quem
294 1987 409 2061 quidem
428 1987 466 2042 sie
488 1986 566 2043 omni
587 1986 734 2060 disciplina
755 1985 869 2041 militari
885 1987 1005 2043 erudivit

112 2073 159 2130 ut,
189 2065 431 2134 quemadmodum
450 2064 596 2136 quondam
615 2063 755 2120 Fobianr⁹
774 2065 875 2120 milites
886 2065 1008 2121 Ronrani

111 2140 247 2214 appellati
261 2153 338 2211 sunt,
351 2141 390 2196 sic
403 2141 614 2214 Iphicratenses
630 2143 707 2214 apud
727 2145 842 2196 Graecos
857 2143 886 2196 in
898 2143 1006 2199 summi

111 2217 196 2274 laude
217 2218 332 2274 fuerint.
354 2219 447 2286 Idem,
465 2219 591 2275 subsidio
609 2219 828 2275 lacedaemoniis
848 2220 1008 2294 profectus,

111 2297 314 2373 Epaminondae
327 2298 499 2355 retardavit'
493 2310 632 2395 impetus:
645 2318 727 2368 narn,
735 2299 787 2354 nisi
801 2297 861 2374 ejus
870 2299 1007 2356 adventus

112 2378 379 2454 appropinquasset,
393 2396 453 2433 non
467 2378 546 2452 prius
560 2377 690 2432 Thebani
703 2377 805 2453 Sparta
816 2377 1007 2469 interemit

112 2459 199 2530 quini
210 2457 464 2533 captemincendio
474 2457 620 2513 detersam
1074 2467 1080 2479 ·

163 2593 211 2637 111.
231 2587 355 2653 Iphicratis
367 2588 447 2646 dotes,
460 2597 483 2636 et
492 2588 536 2637 filii
549 2571 700 2654 deprobratio
711 2588 741 2637 de
753 2605 827 2638 uxore
840 2587 948 2640 herbert.

150 2707 224 2762 Furr
236 2719 331 2764 autem
340 2718 368 2764 et
379 2708 475 2763 animo
482 2725 586 2782 magno
592 2716 759 2780 etcorpore,
767 2708 1007 2782 imperatoridque

112 2784 220 2855 sormi,
240 2797 273 2841 ut
290 2786 352 2859 ipso
377 2788 510 2861 adspectu
535 2786 624 2841 cuivis
644 2785 772 2857 injiceret
791 2785 1006 2842 admirationem

113 2867 169 2933 eu1;
181 2865 229 2921 sed
243 2865 272 2920 in
288 2864 388 2919 labore
401 2866 532 2921 remissus
546 2865 628 2921 nimis
651 2883 810 2938 parumque
828 2864 950 2939 patiens,
975 2875 1004 2923 ut

113 2942 319 3018 Theopompus
330 2944 473 2999 memoriae
483 2945 627 3016 prodidit3
646 2944 738 3000 bonus
749 2945 821 3000 verb
832 2943 915 3012 civis,
929 2941 1005 3000 fide-

113 3020 169 3096 tfue
188 3026 298 3096 magna.
317 3023 402 3092 Quod
417 3040 507 3096 quum
525 3022 556 3076 in
574 3023 634 3077 aliis
652 3023 738 3078 rebus
758 3022 925 3093 declaravit,
945 3032 1006 3079 tum

113 3098 233 3157 maxime
250 3101 280 3155 in
299 3103 429 3177 Amyntae
443 3100 607 3157 Macedonis
620 3101 715 3156 liberis
730 3101 842 3156 tuendis
859 3122 867 3156 :
883 3120 1007 3175 namque

113 3179 267 3256 Eurydice,
279 3191 370 3236 mater
382 3181 522 3237 Perdicoee
539 3190 568 3235 et
580 3179 721 3252 Philippi,
743 3197 809 3234 eum
826 3180 870 3234 his
890 3180 1004 3236 duobus
1088 3211 1092 3217 ·

113 3257 224 3328 liberis,
235 3260 357 3335 Amynta
371 3272 503 3327 mortuo,
515 3259 551 3315 ad
562 3258 733 3333 Iphicratem
743 3256 870 3333 confugit
875 3259 1005 3334 ‚ejusque

112 3335 215 3409 opihus
235 3337 349 3396 defensa
367 3349 415 3395 cst.
430 3337 506 3393 Vixit
530 3337 567 3393 ad
586 3347 775 3404 senectutem,
797 3337 912 3412 placetis
929 3338 959 3394 in
976 3356 1006 3393 se

113 3436 228 3475 ‘'m-um
239 3420 343 3479 civium
354 3423 461 3480 ιιιίιιιίι.
467 3421 585 3479 Cousaro
598 3419 696 3486 capitis
706 3420 793 3481 semel
808 3416 915 3486 disitw,
929 3415 1007 3472 belh)
