2228 3892
430 316 625 364 narinus.
926 336 963 390 ,9

67 408 147 484 poris
165 408 343 482 terribilique
362 408 449 477 facie,
462 409 543 482 qubd
563 419 591 465 et
610 408 693 484 niger
711 420 739 464 et
759 409 864 484 capillo
875 404 962 478 longo

68 487 215 560 bachique
234 499 295 543 erat
310 487 438 561 prolixa,
455 489 562 562 optimi
582 499 658 543 veste
676 487 856 561 texit,quam
874 498 966 542 satra-

67 585 111 640 pae
132 567 204 641 'regii
223 585 324 640 gerere
336 579 565 636 ,consueverant3
580 567 750 640 ornavitque
766 567 850 622 etiarn
862 575 966 639 torque

68 645 235 701 et=arn1illis
262 646 354 701 aureis
375 657 535 719 caeteroque
557 647 637 720 regio
660 647 756 701 cultu:
779 646 839 719 ipse
863 646 965 720 agresti

67 722 189 797 duplici9
202 725 324 780 amiculo
343 724 533 780 circumdatus
551 725 685 797 hirtiqne
702 725 812 792 tunica,
822 742 924 799 gerens
935 725 962 782 in

66 803 158 876 capite
169 803 279 876 galeam
293 803 483 872 venatoriam,
503 804 603 859 dextra
617 823 704 858 manu
716 803 837 872 clavam,
854 802 964 863 sinistra

67 879 236 954 copulamffl,
250 881 438 954 quavinctum
447 894 512 937 ante
522 901 551 938 se
559 883 674 958 Tbyum
681 883 790 956 agebat,
798 895 831 938 ut
842 884 865 939 si
874 883 965 938 feram

67 957 185 1014 bestiam
196 973 306 1035 captam
318 962 442 1016 duceret.
453 965 545 1031 Quem
556 981 654 1018 omnes
668 981 757 1035 quum
769 962 965 1035 prospicerent

66 1037 965 1116 propternovitatemornattisi‘gnotamquelormam‚obeamque

66 1133 128 1172 rem
139 1136 258 1192 magnus
268 1131 340 1174 esset
350 1139 518 1187 concursus,
531 1119 585 1174 fuit
595 1139 655 1173 non
667 1138 751 1173 nemo
767 1119 815 1189 qui
828 1136 965 1189 agnosce-

67 1205 111 1250 ret
124 1196 239 1270 Thyum
251 1196 370 1272 regique
381 1199 533 1252 nuntiaret.
546 1197 643 1251 Primb
656 1215 716 1251 non
728 1195 897 1252 accredidit:
911 1196 965 1251 ita-

66 1291 123 1347 que
133 1274 350 1330 Pharnabazum
360 1276 435 1330 misit
444 1276 632 1350 exploratum.
641 1278 667 1331 A
676 1293 735 1348 quo
747 1287 779 1329 ut
790 1293 850 1330 rem
858 1286 963 1348 gestam

65 1353 223 1426 comperit,
246 1356 338 1410 statim
360 1354 469 1410 admitti
488 1355 585 1427 jussit,
609 1373 785 1429 magnopere
810 1355 965 1409 delectatus

40 1430 42 1436 ’
64 1449 156 1504 quum
169 1431 245 1487 facto
262 1444 323 1488 tum
339 1445 462 1501 ornatu;
480 1434 624 1507 inprimis
644 1433 724 1506 qubd
743 1433 846 1488 nobilis
864 1451 917 1487 rex
934 1432 964 1486 in

65 1520 231 1585 potestatem
238 1512 530 1586 inopinantivenerat.
543 1514 643 1585 Itaque
656 1511 804 1585 magnifice
816 1513 964 1565 Datamem

65 1588 204 1644 donatum
220 1591 256 1646 ad
272 1591 427 1646 exercitum
438 1591 512 1645 misit
524 1591 573 1663 qui
585 1602 646 1646 tum
658 1589 882 1646 contrahebatur
891 1589 964 1644 duce
978 1585 987 1605 ‘

65 1667 251 1726 Pharnabazo
264 1682 291 1734 et
303 1670 466 1725 Tithrauste
480 1670 516 1725 ad
530 1670 638 1724 bellum
649 1669 830 1744 AEgyptinm,
843 1668 963 1742 parique
1052 1726 1055 1732 ,

65 1763 131 1801 eum
153 1759 238 1821 atque
258 1750 321 1805 illos
340 1750 461 1823 imperio
480 1767 537 1804 esse
558 1749 646 1821 jussit.
668 1752 767 1804 Postea
785 1748 857 1804 verb
874 1748 963 1820 quim
996 1755 1006 1760 “

66 1824 282 1892 Pharnabazum
301 1848 353 1884 rex
371 1829 530 1897 revocavit,
547 1829 589 1883 illi
606 1847 714 1884 summa
733 1828 844 1902 imperii
861 1827 963 1882 tradita

65 1913 115 1960 est.

110 2012 112 2016 ’
173 2022 217 2066 tv.
235 2022 357 2078 Datames,
369 2027 505 2079 revocatus,
521 2004 776 2086 AspimCappadoeem
787 2017 857 2085 capit.

107 2152 162 2208 Hrc
167 2171 256 2226 quum
265 2154 389 2208 maximo
395 2154 488 2209 studio
498 2164 678 2227 compararet
685 2154 848 2220 exereitum,
858 2154 963 2228 AEgyp-

82 2249 185 2304 nmque
199 2232 342 2307 proficisci
362 2243 492 2306 pararet,
506 2233 600 2288 subitb
620 2253 636 2288 a
655 2251 722 2307 rege
740 2234 840 2287 litterae
857 2242 922 2286 sunt
937 2232 964 2287 ei

69 2309 170 2379 missae,
184 2322 216 2365 nt
232 2312 331 2384 Aspim
346 2311 564 2384 aggrederetur,
579 2313 629 2384 qui
649 2311 812 2366 Cataoniam
833 2309 961 2365 tenebat:

65 2407 129 2462 quae
137 2408 206 2464 gens
215 2390 289 2462 jacet
298 2409 384 2463 snpra
396 2389 530 2457 Ciliciam,
541 2389 659 2444 confinis
669 2388 863 2462 Cappadociae.
877 2389 962 2443 Nam·

65 2486 121 2540 que
132 2470 215 2543 Aspis
226 2469 377 2525 saltuosam
390 2469 535 2543 regionem
548 2469 723 2540 castellisque
735 2467 873 2521 munitam
883 2467 962 2522 ineo·

65 2547 139 2614 lens,
155 2566 215 2602 non
231 2548 324 2603 solnm
344 2548 464 2622 imperio
484 2548 560 2621 regis
580 2565 639 2602 non
659 2547 794 2621 parebat,
812 2547 961 2601 sedetiam

64 2623 196 2682 finitimas
223 2625 353 2699 regiones
380 2627 507 2693 vexabat,
535 2638 569 2696 et,
596 2645 658 2699 quae
684 2626 742 2700 regi
763 2636 959 2699 portarentur,

64 2703 229 2779 abripiebat.
241 2708 384 2774 Datames,
399 2706 448 2762 etsi
461 2707 544 2780 longe
556 2707 654 2761 aberat
665 2706 700 2760 ab
715 2707 757 2762 his
770 2706 866 2778 region
872 2704 942 2760 ibusl
948 2705 956 2742 '¹

48 2782 50 2785 ’
64 2793 92 2838 et
105 2802 121 2838 a
133 2784 241 2857 majore
254 2804 285 2840 re
297 2785 527 2854 abstrahebatur,
547 2797 640 2840 tamen
652 2785 725 2859 regis
740 2784 880 2838 voluntati
899 2802 960 2838 mo-

64 2879 125 2917 rem
137 2866 295 2938 gerendum
307 2864 423 2939 putavit.
439 2866 538 2937 Itaque
552 2865 736 2938 campaneis,
759 2864 807 2918 scd
820 2863 887 2916 viris
900 2861 960 2917 for-

19 3008 21 3012 ·
64 2940 153 3013 tibus,
179 2963 279 2999 navem
301 2944 479 3010 conscendit;
503 2944 676 3010 existimans,
692 2943 720 2996 id
744 2943 822 3015 quod
844 2941 957 3008 accidit,

34 3032 44 3055 t
62 3018 172 3076 ¹taeilil's
184 3041 213 3077 se
225 3023 432 3096 imprudentem
446 3026 534 3095 parva
550 3043 636 3078 manu
649 3039 854 3096 oppressurum
871 3019 959 3092 qu'arn

69 3109 204 3168 paratum,
222 3103 349 3173 quamvis
363 3121 467 3175 magno
479 3103 612 3157 exercitu.
630 3101 691 3156 Hac
709 3101 830 3167 delatus,
846 3100 875 3153 in
889 3099 959 3165 Cilie

23 3216 25 3219 -
70 3179 132 3228 ciam
160 3190 291 3244 egressus,
312 3180 377 3236 inde
399 3182 456 3237 dies
481 3193 634 3252 noctesque
660 3180 712 3234 iter
732 3179 852 3246 faciens,
877 3179 958 3230 Tau-

63 3264 128 3311 rum
138 3259 263 3326 transiit,
273 3259 373 3331 ebque,
386 3263 444 3333 quo
461 3262 622 3329 studuerat,
637 3260 722 3314 venit.
734 3258 842 3327 Quaerit
855 3255 958 3326 quibus

64 3332 132 3390 iocis
143 3333 178 3389 sit
188 3337 287 3410 Aspis:
298 3341 444 3411 cognoscit
460 3339 536 3394 haud
558 3340 642 3413 longe
657 3334 958 3409 abesse,profectu1n·

63 3429 119 3481 quc
136 3431 201 3470 eum
214 3425 348 3474 venatum
373 3421 463 3488 Quem
479 3423 546 3478 dnm
562 3419 732 3482 speculatur,
747 3415 885 3471 adventis
898 3414 957 3488 ejus

813 3491 830 3548 3
