2228 3892
107 364 142 412 46
373 355 743 445 (ΞΟΕΝΕΒμΝΕΡΟΤΙΞ

107 454 226 512 rendam
236 453 340 521 sactus,
355 451 386 506 in
399 452 587 528 suspiciopem
599 451 698 509 cecidit
710 452 998 512 Lacedaemoniorum.

106 535 139 588 In
150 551 208 606 quo
221 531 295 588 sacto
307 533 426 587 domum
435 537 594 603 revocatus,
607 545 750 589 accusatus
761 533 866 606 capitis,
879 533 999 590 absolvi·

106 622 168 680 tur3
179 613 334 667 mulctatur
346 622 440 667 tamen
452 611 582 687 pecunie·
595 613 688 700 Qum
699 613 738 668 ob
750 629 861 667 causam
872 613 910 668 ad
923 614 997 670 clas·

96 708 163 746 -sem
173 691 303 747 remissus
313 708 373 746 non
386 701 434 747 est.

152 830 199 876 111.
221 825 339 876 Pausania
352 825 471 894 peregrini
484 843 560 878 mores
571 835 596 877 et
605 843 700 889 cursu,
712 827 809 877 Helotes
820 826 936 878 sollicitat.

143 963 189 1020 An
203 963 251 1018 ille
258 1001 267 1030 ,
279 962 345 1038 pdst
363 981 423 1018 non
435 963 541 1032 multo,
555 963 605 1018 sud
615 972 715 1038 sponte
732 961 769 1017 ad
780 962 936 1017 exercitum
947 981 996 1020 ro-

104 1039 168 1111 diit,
181 1052 209 1098 et
221 1042 260 1096 ibi
271 1061 331 1098 non
344 1043 445 1098 callida
456 1043 505 1098 sed
523 1043 646 1098 dementi
657 1042 767 1098 ratione
783 1041 904 1116 cogitata
914 1053 996 1115 pate-

103 1119 177 1175 fecit.
190 1121 258 1176 Non
278 1121 353 1176 enim
370 1140 464 1177 mores
479 1121 588 1196 patrios
602 1121 712 1189 solium,
726 1120 776 1177 sed
791 1121 873 1175 etiam
889 1120 997 1176 cultum

103 1199 290 1272 vestitumque
301 1201 429 1256 mutavit.
441 1204 589 1274 Apparatu
600 1201 678 1276 regio
691 1199 833 1266 utebatur,
843 1209 918 1254 veste
931 1201 997 1254 Me-

103 1276 184 1344 dic-213
197 1278 326 1333 satellites
334 1280 413 1334 Medi
427 1291 454 1332 et
465 1279 589 1354 AEgyptii
603 1279 808 1352 sequebantur3
829 1277 997 1354 epulabatur

103 1373 184 1411 more
199 1359 366 1425 Persarum,
383 1356 558 1412 luxuriosius
576 1357 663 1430 quim
683 1360 733 1431 qui
751 1358 870 1413 aderant
885 1358 997 1431 perpeti

103 1446 232 1508 possem
250 1436 358 1491 aditum
375 1434 534 1511 petentibus
551 1436 739 1491 conveniendi
756 1455 819 1502 nou
833 1437 932 1491 dabat:
944 1454 996 1490 su·

102 1514 191 1587 perbe
205 1515 397 1589 respondebat
414 1525 441 1572 et
457 1515 612 1570 crudeliter
623 1493 938 1648 imperabatuwartam
950 1532 996 1569 re·

104 1592 165 1647 dire
180 1593 458 1662 nolcbutrcolonas‚
471 1594 521 1666 qui
533 1593 613 1649 locus
627 1595 658 1649 in
669 1612 739 1668 agro
755 1594 797 1648 Tr
818 1592 878 1647 adis
893 1604 949 1662 est,
967 1611 995 1648 se

104 1671 278 1740 contulerat,
288 1670 330 1727 ibi
342 1672 458 1727 consilia
473 1690 563 1743 quum
578 1672 677 1747 patriae
690 1684 750 1727 tum
762 1672 815 1727 sibi
827 1672 937 1728 inimica
948 1691 996 1726 ca-

102 1747 207 1823 piebat.
220 1750 254 1804 ld
266 1762 418 1824 postquam
431 1749 636 1806 Lacedaemonii
647 1751 833 1817 resciverunt,
843 1750 949 1824 legatos
960 1751 996 1805 ad

103 1845 168 1884 cum
181 1847 247 1885 cum
264 1826 381 1905 scytali⁹
396 1829 548 1897 miserunt,
564 1830 593 1884 in
605 1830 677 1903 qua,
691 1848 777 1909 more,
784 1823 918 1896 illorum,
935 1839 997 1884 erat

103 1909 315 1984 scriptum,uiei
323 1911 438 1964 domm
451 1921 639 1977 reverteretur,
648 1928 679 1964 se
685 1909 784 1983 capitis
793 1927 857 1963 eum
870 1909 995 1963 dumna-

105 1999 191 2042 turos.
199 1989 261 2043 Hoc
268 1989 370 2042 nuntio
378 2000 546 2058 commotus,
554 2007 670 2062 sperans
681 2007 710 2045 se
719 1988 868 2044 etiamtum
876 1986 995 2062 pecuuid

105 2074 132 2118 et
142 2065 269 2138 potentii
277 2065 381 2120 instans
388 2066 547 2139 periculum
560 2085 641 2139 posse
654 2067 812 2139 depellere,
824 2067 942 2122 domum
951 2084 996 2121 re-

103 2141 162 2197 diit.
175 2144 239 2198 Huc
251 2143 383 2210 utvenit,
396 2143 432 2197 ab
443 2143 593 2218 ephorisin
601 2144 714 2199 vincula
726 2145 839 2217 publica
851 2145 997 2216 conjectus

103 2231 143 2279 est
152 2241 160 2277 ε
170 2221 235 2278 licet
245 2223 320 2277 enim
327 2221 436 2296 legibus
441 2241 541 2278 eorum
549 2222 637 2279 cuivis
644 2222 758 2298 ephoro
768 2223 823 2278 hoc
830 2223 920 2279 facere
926 2222 994 2298 regi.

102 2300 176 2357 Hinc
191 2313 284 2358 tamen
299 2321 328 2358 se
347 2302 496 2376 expedivit.
514 2304 613 2375 Neque
625 2304 660 2358 ed
671 2302 760 2376 magis
771 2303 885 2358 carebat
898 2302 992 2377 suspi-

102 2380 184 2438 cione
194 2401 275 2437 :nam
286 2381 384 2458 opinio
396 2381 536 2451 sumebat,
548 2401 613 2438 eum
625 2400 691 2438 cum
702 2399 769 2455 rege
779 2380 886 2436 habere
901 2381 988 2437 socie·
1000 2442 1008 2459 ,

102 2471 195 2515 tatem.
212 2463 261 2516 Est
273 2479 362 2534 genus
369 2461 515 2534 quoddam
525 2461 675 2517 hominum
682 2501 691 2532 ,
704 2460 783 2534 quod
792 2459 927 2516 keutesw
937 2478 990 2515 vo·

102 2547 191 2605 catur,
204 2556 330 2611 quorum
341 2557 443 2613 magna
453 2534 607 2597 muisitudo
619 2559 704 2616 agros
713 2540 993 2627 §cedunoniorun

102 2615 169 2670 colit
179 2635 386 2689 servorumque
402 2636 521 2672 munere
532 2617 670 2691 fungitur.
686 2621 747 2674 Hos
759 2639 875 2691 quoque
886 2619 994 2675 sollici-

102 2691 185 2749 tare¹²
195 2713 244 2769 spo
255 2696 392 2751 libertatis
398 2695 685 2764 existimabatur3sed,
698 2697 779 2767 quod
786 2697 993 2752 harumrerum
1021 2745 1029 2759 χ

102 2772 212 2827 nullum
225 2786 285 2828 erat
298 2787 428 2848 apertum
440 2772 547 2831 crimen
559 2793 618 2848 quo
632 2775 714 2848 argui
724 2786 826 2848 posset,
838 2793 899 2831 non
909 2787 993 2850 putu·

102 2850 169 2906 bunt
180 2852 216 2908 de
228 2852 276 2906 tali
288 2864 401 2925 tamque
413 2855 491 2911 claro
503 2855 566 2911 viro
580 2853 785 2928 suspicionibus
798 2865 934 2928 oportere
942 2855 994 2927 jn·
1042 2862 1081 2907 r

102 2929 199 3007 dicari,
211 2932 260 2988 sed
272 2933 492 3006 exspectandum
505 2935 575 2989 dum
586 2951 615 2988 se
627 2934 686 3009 ipsa
700 2951 745 2989 res
755 2934 886 3008 aperiret.

134 3032 195 3128 ἶ
205 3048 347 3142 usumin,
359 3079 452 3130 Taenari
465 3079 491 3129 in
500 3080 555 3199 pcipi
562 3080 667 3146 Neptuni
676 3079 811 3131 observatus
819 3117 828 3144 ,
836 3097 862 3130 se
875 3080 952 3147 ipsum

504 3166 529 3200 m
554 3157 599 3200 cut.

140 3284 264 3339 Irrrrnr
282 3282 407 3358 Argilius
422 3283 554 3356 quidam,
566 3280 804 3348 adolescentulus,
822 3298 913 3353 quum
932 3276 994 3352 epi·
1080 3278 1086 3288 ’

103 3359 203 3415 stolum
215 3381 231 3416 a
243 3363 378 3420 Pausanii
391 3363 429 3418 ad
444 3363 618 3419 Artabazum
630 3359 796 3436 accepisset,
813 3360 896 3434 eique
906 3357 935 3413 in
948 3376 995 3412 su·

102 3437 259 3511 spicionem
270 3443 390 3500 venisset
400 3442 507 3508 attonio
518 3443 549 3499 iu
563 3443 636 3501 eade
649 3459 678 3499 re
685 3458 743 3499 csse
754 3439 892 3518 scriptum
898 3456 907 3510 3
916 3435 1019 3527 Μ

660 3612 664 3623 ι
957 3542 985 3602 t(

652 3797 656 3804 θ
681 3714 703 3777 t'
