2228 3892
400 375 691 424 Ensutnonnas.
969 390 997 435 57

119 470 236 543 {uiaque
251 469 373 525 talentis⁸
394 469 432 523 ad.
451 488 529 524 suam
550 469 685 542 perduxit
706 466 897 536 voluntatem,
920 487 1004 542 quem

110 548 320 622 Epaminondas
332 548 490 620 plurimum
507 549 647 621 diligebat.
664 548 808 622 Micythus
824 547 1002 622 Epaminon-

110 626 175 682 dam
189 627 322 683 convenit
327 666 336 694 ,
347 637 376 681 et
388 644 500 682 cainam
514 627 652 682 adventus
662 627 861 681 Diomedontis
873 624 1003 681 ostendit.

112 709 147 762 At
160 706 222 773 ille,
237 705 428 760 Diomedonte
439 702 552 760 coram:
568 705 673 773 «Nihil,
687 705 788 778 inquit,
799 724 871 778 opus
882 705 1003 779 pecuniai

109 795 168 840 est:
188 803 270 851 nam,
287 785 309 839 si
323 802 354 838 ea
368 803 420 838 rex
433 785 495 839 vult
506 803 569 857 quae
586 784 729 839 Thebanis
738 784 795 838 sint
809 784 904 851 utilia,
917 784 1004 858 gratis

109 862 201 918 facere
214 882 277 917 sum
291 873 405 936 paratus
410 882 418 931 ;
430 863 473 918 sin
485 875 580 918 autem
595 864 751 928 contraria,
768 882 828 917 non
841 862 928 917 habet
940 862 1004 918 auri

108 952 194 1013 atque
208 942 319 1016 argenti
329 941 407 996 satis:
420 960 543 1015 namque
555 942 634 997 orbis
649 953 792 998 terrarum
806 941 915 998 divitias
926 941 1001 996 acci-
1067 940 1070 945 ’

106 1035 177 1096 pere
188 1020 257 1075 nolo
270 1017 340 1094 pr0⁹
353 1020 450 1094 patriae
468 1022 592 1076 caritate.
606 1022 663 1087 Te,
678 1023 757 1093 quod
770 1039 815 1075 me
827 1020 1004 1093 incognitum

107 1097 991 1172 tenthstitulquesimilemexistimistimonmiromtibiqueignos

107 1195 158 1234 co:
173 1178 222 1233 sed
234 1179 371 1252 egredere
384 1179 524 1252 propere,
536 1197 572 1231 ne
584 1178 654 1232 alios
666 1197 846 1250 corrumpas,
856 1196 945 1248 quum
957 1195 1003 1231 me

106 1275 167 1311 non
178 1258 314 1331 potueris.
328 1259 386 1324 Tu,
400 1257 540 1330 Micythe,
553 1268 702 1329 argentum
712 1256 778 1312 huic
791 1255 896 1322 redde3
910 1254 964 1310 uisi
972 1254 1002 1310 id

106 1334 254 1390 confestim
272 1334 354 1401 facis,
366 1352 419 1408 ego
432 1346 458 1388 te
478 1335 587 1389 tradam
605 1335 809 1408 magistratui.»
825 1335 908 1388 Hunc
925 1335 1000 1388 Dio-

50 1409 53 1415 ’
107 1413 213 1469 medon
224 1431 314 1485 quum
325 1425 440 1487 rogaret
455 1423 487 1467 ut
500 1413 561 1468 tuto
573 1414 651 1469 exire
661 1453 668 1481 ,
680 1432 803 1486 suaque,
818 1431 881 1486 quae
892 1412 1002 1467 attulis-

106 1503 161 1559 set,
183 1491 281 1547 liceret
303 1490 421 1547 efferre:
446 1492 560 1561 «Istud,
576 1492 684 1564 inquit,
707 1491 823 1558 faciam,
841 1509 935 1563 neque
953 1491 1003 1546 tua

106 1570 197 1638 causi,
210 1570 260 1626 sed
273 1571 352 1638 meA;
364 1590 408 1638 ne,
423 1570 445 1624 si
458 1570 508 1624 tibi
519 1571 553 1624 sit
562 1571 680 1644 pecunia
693 1572 832 1644 adempta,
845 1569 945 1642 aliquis
960 1568 1002 1623 di-

106 1659 150 1704 cat
169 1649 198 1705 id
210 1649 246 1704 ad
269 1668 314 1704 me
326 1660 456 1723 ereptum
468 1649 629 1723 pervenisse
640 1650 721 1722 quod
734 1650 859 1704 delatum
873 1649 1001 1721 accipere

106 1728 267 1784 noluissem.
275 1752 287 1778 u
296 1731 321 1783 A
329 1747 387 1800 quo
395 1747 485 1801 quum
497 1730 636 1801 quaesisset
649 1730 707 1801 qub
717 1748 746 1784 se
753 1728 856 1783 deduci
863 1727 964 1794 vellet,
974 1736 1002 1781 et

105 1807 152 1862 ille
165 1807 291 1862 Athenas
300 1808 426 1873 dixisset,
439 1807 600 1880 praesidium
613 1807 638 1862 ei
647 1808 725 1862 dedit
736 1819 769 1862 ut
782 1807 816 1861 eo
826 1806 888 1861 tuto
900 1823 1002 1879 perve-

105 1885 187 1941 niret
199 1888 299 1959 quue
310 1887 380 1940 vero
392 1885 422 1939 id
434 1886 497 1939 satis
508 1885 621 1952 habuit,
635 1887 683 1940 sed
695 1886 792 1953 etiarn,
804 1897 837 1940 ut
849 1883 1001 1938 inviolatus

105 1963 135 2018 in
153 1981 254 2019 navem
275 1963 473 2029 adscenderet,
490 1982 543 2036 per
560 1963 713 2018 Chabriam
732 1963 950 2029 Atheniensem,
965 1962 1001 2017 de

106 2059 165 2114 quo
182 2041 270 2116 supra
289 2041 462 2097 mentionem
480 2040 612 2111 fecimus,
632 2042 732 2097 effecit.
752 2041 936 2097 Abstinentiae
948 2039 1002 2096 erit

105 2119 161 2176 hoc
177 2120 241 2178 satis
259 2119 458 2175 testimonium.
476 2120 601 2177 Plurima
620 2120 736 2194 quidem
753 2119 886 2195 proferre
901 2138 1002 2195 posse·

104 2217 183 2268 mus3
196 2199 246 2255 sed
260 2199 363 2255 modus
376 2199 554 2254 adhibendus
567 2212 620 2268 est,
631 2199 767 2273 quoniam
778 2219 837 2255 uno
849 2199 906 2255 hoc
916 2199 1002 2253 volu-

105 2277 181 2333 mine
198 2278 268 2334 vitas
292 2277 491 2333 excellentium
510 2279 641 2334 virorum
666 2279 859 2352 complurium
881 2276 1002 2333 conclu·

105 2355 174 2411 dere
198 2355 408 2423 constituimus,
430 2374 557 2428 quorum
584 2358 735 2430 separatim
760 2355 856 2410 multis
877 2355 1002 2410 millibus

107 2433 267 2492 versuum1⁰
279 2435 442 2508 complures
453 2436 606 2508 scriptores
619 2445 683 2487 ante
695 2452 747 2488 nos
761 2433 950 2506 explicdrunt.

224 2602 256 2648 V.
271 2598 439 2665 Epaminonda
450 2597 513 2648 dicta
524 2572 607 2663 arguta
621 2560 703 2648 matra
713 2597 879 2648 Menecliden.

144 2759 216 2814 Fmr
228 2756 311 2814 etiam
323 2756 457 2827 disertus,
465 2768 589 2812 utnemo
601 2749 755 2812 Thebanus
763 2757 788 2811 ei
796 2774 850 2830 par
858 2765 927 2811 esset
937 2754 997 2810 elo·

106 2836 237 2910 quentiA3
258 2855 351 2910 neque
375 2837 467 2891 minus
489 2835 646 2891 concinnus
668 2836 698 2889 in
721 2835 858 2891 brevitate
878 2852 996 2906 respon·

105 2915 191 2971 dendi
210 2915 298 2987 quaim
317 2915 347 2969 in
362 2913 523 2989 perpetuau
545 2914 673 2970 oratione
685 2925 810 2970 ornatus.
822 2911 929 2967 Habuit
943 2911 995 2966 ob·

105 3004 286 3050 trectatorem
302 2994 490 3049 Meneclidem
506 2994 675 3066 quemdam,
687 2993 813 3049 indidem
824 2988 929 3065 Thebis
946 3028 955 3057 ,
974 3003 1003 3048 et

105 3072 300 3128 adversarium
318 3072 349 3126 in
365 3071 588 3130 administranda
606 3072 769 3146 republicA‚
786 3071 850 3127 satis
866 3067 999 3126 exercita-

105 3161 166 3207 tum
179 3148 356 3218 indicendo,
368 3152 575 3207 utThebauum
589 3149 718 3206 scilicet¹²
727 3170 733 3205 ι
741 3169 865 3224 namque
872 3148 914 3203 illi
925 3146 1000 3222 genti

105 3230 245 3303 plusinest
250 3230 356 3286 virium
365 3230 452 3303 quim
464 3228 606 3304 ingeniiw.
614 3231 650 3299 ls,
661 3230 740 3303 quod
751 3230 781 3284 in
789 3223 1000 3285 remilitariflo·

105 3326 170 3365 rere
181 3309 407 3381 Epaminondam
418 3308 546 3377 videbat,
560 3309 673 3365 hortari
683 3308 793 3364 solebat
804 3304 956 3361 Thebanos
968 3317 1000 3362 ut

105 3406 204 3462 pacem
214 3387 292 3443 bello
304 3388 488 3455 anteferrent,
501 3407 537 3444 ne
548 3388 624 3444 illius
636 3385 817 3462 imperatoris
828 3404 916 3461 opera
928 3385 977 3442 des

104 3467 263 3524 deraretur.
280 3467 353 3525 Huic
369 3468 431 3525 ille:
451 3467 569 3536 «Fallis,
587 3466 695 3542 inquit,
713 3465 808 3524 verbo
825 3464 899 3604 civgs
916 3475 949 3522 tu
