2228 3892
104 314 139 361 ω
367 309 560 356 CORNELII
578 310 742 358 nurorts

104 404 141 461 ed
152 404 323 460 athletarum
332 421 430 472 usum,
446 401 522 458 hanc
535 403 572 458 ad
588 403 656 458 belli
668 403 843 459 existimabat
855 404 1006 463 utilitatem

104 484 256 559 pert'uaere
268 482 369 554 ltaque
380 482 565 537 cremebatur
576 483 735 555 plurimimr
745 483 890 538 currendo
900 495 928 539 et
937 484 1007 540 luc-

104 561 207 625 tando,
219 560 256 615 ad
268 578 333 616 eum
347 558 435 615 finem
448 560 546 632 quoad
558 572 635 616 stans
645 561 797 634 complecti
809 573 903 635 posset
915 574 1006 638 atque

103 639 284 696 contendere
297 640 333 693 In
344 639 430 694 armis
440 639 599 714 plurimum
609 640 697 695 studii
707 641 897 696 consumebat.

105 797 152 844 111.
174 792 342 860 Epaminonda
364 792 437 843 animi
453 791 567 853 virtuter,
589 793 694 842 studium
706 792 832 853 audiendi,
854 802 984 860 paupertat

416 863 542 930 patientia,
555 862 688 916 liberalitas

142 1014 189 1069 An
207 1013 282 1069 hanc
296 1013 427 1088 corporis
447 1012 610 1068 firmitatem
624 1014 709 1086 plura
726 1015 810 1069 etiam
825 1013 912 1068 animi
922 1013 1001 1069 bona

105 1104 283 1149 accesserant.
303 1093 373 1148 Erat
386 1094 462 1149 enim
475 1092 632 1157 modestus,
645 1093 786 1165 prudeus,
801 1093 911 1168 gravis,
925 1103 1002 1148 tem-

103 1172 222 1245 poribus
238 1172 380 1245 sapienter
390 1183 482 1240 utm,
493 1170 601 1247 peritus
613 1171 690 1238 belli,
702 1171 783 1228 fortis
794 1192 890 1238 manu,
902 1170 1001 1226 animo

103 1251 243 1316 maximo,
255 1251 327 1305 adeo
339 1251 463 1306 veritatis
476 1249 596 1324 diligens
608 1262 641 1306 ut
655 1269 692 1305 ne
703 1251 773 1323 joco
787 1251 904 1325 quidem
919 1267 1000 1304 men-

103 1327 153 1382 tire
158 1338 218 1393 tur;
230 1328 305 1382 idem
314 1330 471 1394 continens,
478 1330 614 1397 clemens,
623 1329 789 1403 patiensque
800 1328 999 1386 admirandum

102 1404 129 1464 in
141 1406 276 1473 modu1n;
287 1424 347 1461 non
358 1407 452 1462 solinu
463 1407 635 1480 populi,sed
645 1409 727 1461 etiam
737 1411 896 1465 amicorum
906 1406 1001 1462 ferens

101 1482 235 1555 iujurias,
248 1486 278 1540 in
291 1484 447 1558 primisque
469 1484 615 1540 commissa
631 1485 741 1540 celans:
758 1489 839 1559 quod
854 1486 1001 1539 interdum

101 1579 161 1617 nou
178 1563 272 1620 mimis
291 1564 408 1636 prodest
422 1563 510 1637 quim
530 1563 632 1618 diserte
653 1563 757 1619 dicere.
776 1564 924 1633 studiosus
943 1581 1000 1618 an-

101 1637 215 1695 diendi:
230 1660 264 1695 ex
281 1642 338 1696 hoc
350 1643 426 1696 enim
437 1642 568 1697 facillime
581 1642 650 1697 disci
667 1643 868 1698 arbitrabatur.
880 1643 999 1715 ltaque,

102 1735 192 1789 quum
205 1719 235 1773 in
244 1720 385 1774 circulum
396 1720 515 1774 venisset
526 1720 556 1774 in
567 1738 626 1791 quo
638 1731 687 1774 aut
699 1721 735 1776 de
746 1721 894 1795 republica
901 1720 1004 1794 disper«

103 1807 211 1851 taretur
229 1808 278 1851 aut
293 1797 329 1852 de
348 1797 532 1872 philosophia
549 1816 643 1852 sermo
661 1798 832 1869 haberetur,
848 1817 998 1871 nunquam

102 1873 168 1930 inde
180 1876 261 1950 prius
273 1874 396 1932 discessit
408 1876 496 1949 quam
507 1876 543 1930 ad
557 1875 644 1930 finem
658 1895 752 1932 sermo
768 1890 839 1934 esset
849 1878 998 1933 deductus

102 1955 300 2028 Paupertatem
322 1956 394 2011 adeb
415 1954 496 2010 facile
514 1974 665 2046 perpessus
682 1967 723 2010 est
741 1968 773 2011 ut
791 1957 827 2012 de
850 1954 998 2028 republica
1023 1997 1028 2010 ,

103 2032 174 2084 nihil
186 2045 291 2104 praeter
299 2035 420 2103 gloriam
431 2035 544 2104 ceperit.
558 2034 748 2088 Amicorum
740 2054 770 2088 ιιι
781 2054 810 2089 se
824 2033 930 2090 tuendo
944 2051 997 2087 ca-

102 2108 160 2162 ruit
176 2107 362 2163 facultatibus
375 2109 444 2164 Fide
457 2110 493 2162 ad
506 2109 576 2162 alios
592 2110 781 2165 sublevandos
795 2130 867 2184 saepe
878 2111 916 2165 sic
929 2129 998 2166 usus

102 2195 143 2241 est
157 2197 189 2239 ut
198 2186 286 2260 possit
298 2185 422 2258 judicari
435 2186 531 2241 omnia
542 2185 568 2240 ci
579 2205 645 2240 cum
660 2187 755 2241 amicis
765 2187 850 2242 fuisse
860 2205 996 2242 commn-

101 2264 166 2319 nia:
181 2284 261 2335 nam,
282 2283 372 2338 quum
391 2277 441 2320 aut
453 2264 557 2321 civium
572 2284 692 2320 suorum
702 2265 803 2338 aliquis
816 2265 852 2320 ab
865 2265 999 2322 hostibus

102 2341 199 2400 fuisset
212 2355 323 2421 captus,
332 2355 381 2400 aut
392 2345 474 2420 virgo
487 2345 569 2399 amici
560 2344 689 2400 'nubilis
707 2357 828 2419 propter
841 2355 998 2421 pauperta-

102 2433 159 2480 tem
172 2423 322 2480 collocari⁵
336 2444 396 2481 non
405 2435 514 2500 posset,
526 2423 683 2479 amicorum
695 2423 846 2478 consilium
856 2422 997 2493 habebat,

102 2512 138 2572 et,
151 2515 289 2574 quantum
302 2504 422 2576 quisque
436 2505 516 2560 daret
516 2522 579 2584 pro
591 2503 729 2578 cujusque
740 2501 948 2570 facultatibus*
939 2521 997 2556 im-

102 2579 236 2650 perabat3
249 2597 367 2668 eamque
378 2599 516 2634 summam
516 2574 734 2655 quumfecerat,
744 2581 996 2657 priusquamacci·

102 2654 197 2728 peret6
206 2656 368 2730 pecuniam,
381 2656 540 2712 adducebat
546 2677 612 2711 eum
621 2679 672 2731 qui
664 2660 837 2732 'quaerebat6
844 2662 880 2714 ad
890 2661 997 2728 eosqui

102 2732 330 2804 conferebant,
306 2754 388 2808 eique
396 2736 443 2790 ut
436 2735 488 2810 ipsi
500 2747 693 2802 numerarent,
704 2736 832 2803 faciebat,
844 2747 876 2790 ut
889 2735 946 2801 ille,
959 2735 996 2789 ad

103 2830 228 2886 quemea
234 2832 280 2869 res
292 2814 484 2889 perveniebat,
496 2814 579 2872 sciret
590 2814 694 2888 quibus
705 2825 733 2870 et
743 2824 883 2890 quantum
894 2813 998 2886 cuique

104 2891 228 2951 deberet.

304 3005 347 3051 tv.
358 3000 525 3068 Epaminonda
536 3001 678 3052 abstinentia
692 3010 789 3052 tentate.
916 2969 929 3003 i

142 3139 280 3198 Tamara
294 3152 387 3197 antem
398 3139 464 3214 ,ejus
476 3151 517 3196 est
528 3139 694 3195 abstinentia
707 3160 724 3195 a
737 3140 929 3195 Diomedonte
940 3137 998 3214 cy-

103 3218 229 3278 ziceno⁷z
248 3239 371 3294 namque
389 3220 427 3288 is,
444 3231 548 3295 rogatu
565 3217 752 3287 Artaxer-arist,
769 3217 998 3292 Epaminondam

189 3300 222 3358 n
231 3298 476 3374 corrumpendum
486 3310 654 3374 susceperat.
664 3299 716 3354 llic
728 3316 833 3373 magno
847 3316 911 3352 cum
920 3314 999 3371 pon-

225 3379 253 3436 ri
274 3379 387 3439 Thebae
406 3378 500 3449 venit,
523 3389 551 3435 et
572 3377 732 3455 Micythum
754 3375 990 3436 adolescentulam
