2228 3892
332 334 363 381 Τ.
383 335 611 384 POMPONIUS
628 332 797 384 ATTICUS.
915 391 922 403 x
961 336 1012 386 403

115 425 326 485 sororislilinin
338 438 366 484 et
375 429 409 498 Q.
422 428 589 484 Ciceronem
601 446 636 483 ex
646 429 779 504 Pompeii·
788 430 884 485 castris
895 447 1011 485 conces·

116 507 190 564 serie.
198 509 248 566 *sic
260 519 354 564 vetere
365 507 495 564 instituto
506 507 570 563 vitae
580 506 680 582 effugit
689 527 766 564 nova
779 509 914 583 pericula.

132 659 201 709 ΠΗ,
211 656 313 708 ¹Atticae
321 661 360 708 tt.
376 654 780 776 kastomoq’p'oflnpumnious,
792 655 862 706 ctiam
871 655 962 722 abjecto
971 664 995 704 et

528 734 619 791 amtt-

151 867 286 923 Securus
306 873 345 919 est
366 861 447 918 illud.
469 860 570 918 Occiso
589 861 711 930 Caesare,
735 880 826 937 quum
849 862 1008 937 respublica

112 960 197 1018 penes
215 941 344 1006 Brut0s²³
364 941 510 997 videretur
521 959 580 998 esse
595 952 623 998 et
643 941 781 1010 Cassiam,
794 960 825 998 ac
838 952 896 997 tota
913 942 1008 997 civitas

112 1040 141 1077 se
158 1023 196 1079 ad
212 1041 260 1079 eos
279 1020 478 1091 convertisset,
501 1020 539 1077 sic
555 1022 597 1078 Μ.
621 1021 711 1077 Bruto
728 1039 796 1076 usus
815 1031 855 1075 est
872 1030 904 1074 ut
926 1020 1008 1076 nullo

111 1100 158 1159 illc
178 1101 341 1159 adolescens
360 1100 465 1174 aequali
482 1098 648 1156 famularius
667 1099 755 1173 qulam
780 1098 836 1153 hoc
855 1116 936 1167 sene;
956 1117 1009 1154 ne-

111 1198 168 1252 que
186 1181 280 1237 solium
301 1198 366 1234 eum
389 1179 548 1253 principem
565 1177 674 1235 consilii
696 1178 832 1245 haberet,
856 1177 1009 1232 sedetiam
1087 1235 1091 1241 ,

111 1258 139 1312 in
154 1257 320 1315 convictu²⁴.
333 1258 531 1331 Excogitatum
550 1268 590 1314 est
606 1276 621 1312 a
640 1257 812 1331 quibusdam
822 1266 855 1311 ut
865 1257 1008 1331 privatum

110 1338 242 1394 aerarium
263 1335 379 1392 Caesaris
396 1335 627 1393 interfectoribus
649 1336 686 1391 ab
709 1335 850 1411 equitibus
870 1335 1008 1392 Romanis

111 1418 337 1473 constitueretur.
354 1415 389 1471 Id
406 1415 486 1472 facile
504 1413 580 1472 effici
591 1434 672 1490 posse
694 1414 822 1471 arbitrati
838 1429 903 1469 sunt
912 1455 919 1482 ,
938 1415 962 1470 si
981 1425 1009 1469 et

110 1496 253 1570 principes
266 1495 340 1551 illius
354 1495 464 1551 ordinis
478 1494 612 1569 pecunias
630 1494 821 1550 contulissent.
838 1491 937 1567 ltaque
954 1511 1008 1567 ap·

111 1575 230 1648 peilatus
242 1585 283 1630 est
296 1595 312 1630 a
326 1575 356 1630 C.
368 1574 481 1643 Flavio,
498 1574 580 1630 Bruti
595 1572 743 1640 familiari,
756 1571 881 1640 Atticus,
897 1583 930 1626 ut
949 1571 1008 1643 ejus

109 1654 153 1709 rei
169 1653 301 1728 princeps
325 1672 382 1710 esse
398 1653 491 1710 vellet.
506 1655 544 1710 At
559 1653 625 1721 ille,
636 1651 689 1726 qui
707 1649 802 1708 officia
818 1649 913 1706 amicir
929 1668 1024 1724 prae-‚

111 1733 209 1789 standa
225 1733 285 1790 siue
303 1733 425 1789 factione
443 1730 627 1801 existiluareu
645 1748 814 1806 semperque
827 1750 844 1785 a
862 1729 965 1786 talibus
977 1748 1008 1787 se

110 1811 233 1868 consiliis
252 1812 431 1880 removisset,
447 1813 609 1886 respondit,
628 1811 670 1866 «si
688 1811 758 1884 quid
771 1811 877 1868 Brutus
897 1809 933 1864 de
951 1809 1007 1865 suis

109 1888 288 1947 facultatibus
302 1891 344 1947 uti
360 1891 508 1958 voluisset,
522 1907 655 1956 usurum,
669 1889 809 1961 quantum
820 1907 859 1943 cac
870 1898 1006 1970 pateren-

108 1976 165 2034 tur,
173 1984 202 2020 se
213 1985 305 2038 neque
317 1985 382 2021 cum
394 1985 541 2040 quoquam
553 1967 589 2022 de
599 1970 632 2024 ea
644 1986 676 2024 re
683 1968 903 2040 collocuturum,
911 1988 1006 2044 neque

107 2044 282 2100 culturum.»
296 2044 342 2102 stc
360 2044 408 2101 ille
419 2044 611 2104 consensionis
627 2046 730 2122 globus
746 2047 833 2121 hujus
846 2046 932 2107 unius
942 2049 1005 2106 dis-

107 2122 238 2180 sensione
257 2123 387 2196 disjectus
407 2135 455 2181 est.
473 2126 574 2199 Neque
595 2125 688 2183 multo
706 2126 784 2200 post,
798 2126 928 2202 superior
946 2146 1005 2187 esse

107 2201 194 2276 caepit
212 2203 368 2273 Antonium
381 2204 419 2260 ita
436 2215 470 2259 ut
480 2206 586 2261 Brutus
597 2216 625 2261 et
639 2205 760 2274 Cassius,
776 2207 1005 2280 provinciarum,

107 2280 210 2354 quaciis
221 2281 388 2338 neciscaust
400 2282 557 2339 dataeerant
564 2303 582 2338 a
589 2284 789 2352 consulibus25,
796 2284 949 2360 desperatis
956 2304 1004 2343 rc-

106 2359 175 2428 bus,
192 2359 222 2415 in
238 2360 366 2416 exsilium
375 2360 638 2436 proficiscerentur.
650 2363 775 2430 Atticars,
791 2363 842 2434 qui
854 2363 1005 2436 pecumm

107 2438 191 2496 simul
202 2457 267 2496 cum
279 2441 385 2496 caeteris
395 2442 528 2498 conferre
541 2441 676 2496 noluerat
681 2438 799 2496 florenti
810 2441 850 2495 illi
856 2441 946 2515 parti,
955 2441 1003 2497 ab·

107 2517 181 2573 iecto
199 2519 288 2574 Bruto
305 2518 440 2592 Italiaque
457 2518 568 2576 cedenti
584 2518 743 2574 sestertium
758 2530 872 2574 centum
890 2511 1005 2576 nrillia²6

108 2596 223 2650 muneri
236 2597 326 2665 misit,
341 2597 432 2652 eidem
446 2599 475 2653 in
489 2598 577 2673 Epiro
590 2597 689 2656 absens
701 2608 827 2662 trecenta
837 2598 920 2672 jussit
931 2598 1002 2654 dari.

108 2675 207 2747 Neque
220 2676 253 2730 εὸ
270 2675 357 2750 magis
369 2677 479 2751 potenti
489 2678 619 2734 adulatus
634 2688 674 2733 est
690 2677 830 2746 Antonio,
842 2694 936 2752 neque
948 2678 1002 2736 de·

107 2764 234 2827 speratos
247 2755 369 2829 reliquit.

123 2902 169 2947 [tl.
190 2899 281 2948 atticus
295 2913 325 2946 ne
338 2862 628 3017 Antonioquidemlqlpppti
640 2897 744 2963 J'udicato
759 2897 880 2959 tnindcus,
895 2895 983 2949 Fulvia

479 2976 547 3034 opem
611 3005 617 3018 .

143 3108 279 3162 Secuntur
295 3118 335 3163 cst
351 3107 579 3184 bellumgestum
589 3110 667 3184 apud
684 3109 834 3167 numm.
850 3110 887 3165 ln
902 3127 962 3184 quo
978 3110 998 3167 d

105 3185 212 3240 tantiam
224 3204 289 3241 eum
302 3188 473 3261 prudentem
482 3189 584 3256 dicam,
597 3188 691 3244 minias
697 3187 915 3261 quimdebeam
924 3207 1000 3262 pras-

104 3263 209 3334 dicem,
218 3283 307 3337 qaum
314 3266 361 3322 ille
366 3268 462 3341 potius
471 3266 609 3322 divinus2⁷
617 3266 715 3324 luerit:
724 3269 746 3323 si
752 3268 890 3324 divinatio
896 3268 998 3341 appel-

104 3343 187 3399 landa
196 3354 237 3400 est
246 3357 383 3419 perpetua
396 3345 532 3402 naturalis
541 3345 660 3414 δαείω,
667 3364 732 3419 quae
739 3346 999 3404 nnllircasilsmne

103 3440 158 3495 que
166 3423 258 3499 agitur
265 3441 358 3498 aeque
366 3425 514 3482 minuitur.
524 3426 617 3482 Hmtis
627 3425 769 3503 Antopius
772 3425 913 3498 judicatus
920 3427 997 3483 natta
