2228 3892
471 327 690 378 AGESILAUS.
973 339 1004 384 ec

58 495 60 500 Ι
112 425 259 483 Laconum
273 421 400 479 mutavit.
418 426 514 479 Domo
530 422 630 480 ebdem
647 423 702 480 fuit
715 425 934 498 contentusque
949 426 1004 482 Eu·

112 502 1004 578 rysthenes,progenitormajorumsuorum,lucratusustquam
1078 560 1081 567 ,

112 581 163 654 qui
181 582 316 649 intrarat,
335 581 448 635 nullum
466 581 578 655 signum
600 581 736 648 lihidinis,
755 581 866 635 nullum
884 583 1005 638 luxuriae

112 660 210 716 videre
219 670 349 734 poterat,
361 671 461 714 coittra
471 678 502 714 ea
513 698 522 726 ,
535 660 658 733 plurima
675 659 814 732 patientiae
826 671 910 732 atque
922 661 1003 718 absti-

111 739 227 794 nentiae:
246 739 286 793 sic
298 739 372 792 enim
386 748 448 792 erat
464 737 599 792 instructa
617 747 650 792 ut
663 737 743 792 nulla
755 738 830 797 inre
848 738 1002 796 differreta

50 886 53 890 ι
110 815 232 888 cujusvis
244 816 338 889 inopis
349 828 433 888 atque
446 815 558 889 privati.

145 928 214 974 v111.
233 924 367 988 Agesilaus,
377 940 475 990 corpore
486 924 597 974 deformis
611 932 772 991 apparatuque
787 933 855 974 utens
865 926 956 990 vulgari

227 996 384 1044 contemnitur
396 1011 410 1045 a
424 995 540 1056 barbaris3
553 995 659 1061 inportu
669 995 774 1044 Menelai
785 995 892 1043 moritur.

149 1100 250 1165 Arous
266 1099 313 1154 hic
327 1109 420 1155 tantus
431 1100 490 1168 vir,
503 1111 535 1154 ut
547 1111 680 1154 naturam
695 1098 845 1153 fautricem
865 1098 992 1155 habuera

106 1175 138 1232 in
151 1176 309 1232 tribuendis
321 1178 407 1232 animi
418 1178 580 1244 virtutibus,
592 1178 630 1231 sic
643 1175 799 1231 maleficam
810 1188 909 1232 nactus
921 1188 962 1232 est
974 1178 1003 1233 in

107 1272 232 1329 corpore
246 1254 395 1329 fingendo:
409 1275 476 1310 nam
489 1267 517 1309 et
529 1259 635 1311 stature
647 1255 701 1311 fuit
711 1255 826 1323 humili,
840 1267 1003 1331 etscorpore

109 1339 228 1407 exiguo,
246 1345 275 1388 et
294 1334 412 1389 claudus
424 1334 513 1389 altero
528 1334 608 1408 pede.
628 1340 698 1406 Quae
713 1353 759 1390 res
772 1335 855 1390 etiam
874 1336 1002 1391 nonnul-

107 1411 164 1466 lam
181 1412 318 1470 afferebat
337 1412 561 1483 deformitatem,
587 1424 671 1488 atque
689 1413 794 1488 ignoti,
818 1413 918 1470 faciem
942 1413 1003 1486 ejus

107 1509 197 1564 quum
218 1493 411 1559 intuerentur,
437 1492 671 1561 contemnebant;
696 1493 747 1566 qui
769 1488 863 1547 autem
885 1493 1002 1548 virtutes

106 1581 249 1639 neverant
264 1590 324 1626 non
336 1581 470 1644 poterant
482 1571 617 1626 admirari
637 1571 709 1628 satis.
723 1571 809 1640 Quod
821 1571 847 1626 ei
858 1571 936 1626 usu²³
947 1589 1000 1627 ve-

106 1648 162 1716 nit,
176 1667 279 1722 quum,
296 1668 439 1705 annorum
454 1651 611 1725 octoginta,
624 1651 750 1706 subsidio
763 1651 860 1705 Tacho
873 1650 902 1704 in
916 1651 1001 1727 AEgy·

106 1737 187 1800 ptum
195 1731 268 1796 isset,
282 1728 349 1784 etin
361 1726 448 1784 acta²4
456 1749 522 1785 cum
531 1730 587 1786 suis
596 1729 832 1785 accubuissetsine
843 1729 903 1784 ullo
912 1740 1000 1800 tecto,

106 1813 282 1881 stratumque
300 1809 420 1863 haberet
438 1810 493 1864 tale
512 1819 545 1863 ut
560 1820 637 1864 terra
654 1820 724 1864 tecta
739 1819 808 1865 esset
826 1809 1000 1878 stramentis,

107 1902 200 1958 neque
216 1888 275 1942 huc
292 1887 413 1960 arnplids
436 1888 523 1960 qulam
546 1889 626 1960 pellis
652 1899 721 1942 esset
738 1888 856 1957 injecta,
879 1885 1000 1941 ebdem-

106 1980 162 2036 que
174 1968 290 2021 comites
301 1984 400 2020 ornnes
411 1965 612 2032 accubuissent,
624 1966 725 2020 vestitu
738 1965 840 2018 humili
851 1977 937 2036 atque
949 1964 1000 2019 ob

106 2043 212 2112 soleto,
228 2054 374 2099 uteorum
388 2055 505 2098 ornatus
522 2063 582 2098 non
598 2044 686 2098 modo
698 2044 728 2097 in
745 2043 789 2098 his
803 2063 898 2117 regem
912 2043 1001 2099 nemi-

106 2139 172 2178 nem
184 2121 365 2197 significaret,
375 2123 425 2178 sed
430 2123 553 2178 hominis
563 2143 622 2178 non
628 2122 803 2177 beatissimi²⁵
811 2123 1000 2196 suspicionem

106 2201 254 2274 praeberet.
267 2204 359 2275 Hujus
370 2202 406 2257 de
418 2203 541 2258 adventu
553 2202 626 2257 sama
642 2221 731 2274 quum
743 2202 779 2256 ad
797 2200 917 2275 regios²⁶
931 2213 1001 2258 esset

106 2281 228 2352 perlata,
241 2282 370 2337 celeriter
383 2300 502 2336 munera
514 2281 549 2335 eb
563 2281 699 2353 cujusque
712 2281 822 2352 generis
831 2290 896 2334 sunt
907 2279 999 2343 allata.

106 2357 156 2414 His
167 2360 358 2432 quaerentibus
370 2361 545 2434 Agesilaum,
557 2360 606 2414 vix
617 2358 688 2414 fides
699 2358 772 2413 facta
784 2367 824 2411 est
839 2373 928 2411 unum
942 2375 1000 2414 esse

106 2454 141 2492 ex
153 2438 198 2493 his
212 2440 262 2511 qui
276 2451 336 2494 tum
348 2439 531 2494 accubabant.
546 2438 603 2505 Qui
610 2456 699 2509 quum
710 2435 784 2509 regis
795 2433 923 2503 verbis26,
936 2453 1000 2508 quea

106 2516 271 2585 attulerant,
290 2517 444 2585 dedissent,
459 2516 506 2570 illc
514 2555 524 2582 ,
544 2525 648 2591 Rraeter
660 2514 779 2569 vitulina
796 2525 823 2568 et
834 2513 998 2586 hujusmodi

105 2610 210 2668 genera
221 2595 332 2650 obsonii
345 2614 409 2668 quae
421 2612 544 2670 praesens
551 2605 662 2669 tempus
673 2593 863 2660 desiderabat,
871 2593 941 2648 nihil
952 2613 998 2650 ac-

98 2674 192 2748 cepit,
210 2686 369 2749 unguenta,
391 2693 527 2743 coronas,
546 2675 755 2746 secundamque
773 2691 896 2729 mensam
910 2673 1003 2751 servis¹

104 2746 259 2828 dispertiit;
273 2765 373 2810 caetera
393 2754 496 2809 referri
511 2754 600 2826 jussit.
620 2755 685 2821 Quo
704 2753 778 2808 sacto
797 2772 861 2808 enm
882 2752 999 2808 barbari

104 2831 997 2908 magisetiamcontempserunt,qubdeum,ignorantia¹1bonarum

104 2914 272 2980 rerum,illa
280 2913 456 2988 potissimirm
465 2912 612 2986 sumpsisse
620 2912 841 2967 arbitrabantur.
849 2911 995 2982 Hicquum

105 3007 139 3044 ex
146 2993 272 3065 AEgypto
280 3003 482 3061 reverteretur,
489 2991 609 3047 donatus
619 3010 710 3065 arege
717 2987 996 3046 Nectanabide2⁷du·

105 3069 192 3124 centis
203 3070 301 3143 viginti
315 3071 457 3141 talentis²⁸,
470 3090 532 3144 quae
543 3071 589 3127 ille
598 3068 828 3143 muneripopulo
840 3087 891 3124 suo
902 3068 996 3136 daret,

48 3175 49 3178 ¹
105 3146 279 3222 venissetque
291 3149 320 3204 in
336 3163 454 3225 portum
465 3151 516 3225 qui
530 3149 661 3204 Menelai
673 3159 802 3214 vocatur,
815 3147 911 3219 jacens
923 3147 997 3202 inter
1047 3142 1054 3157 ‘

106 3221 457 3305 cyrenasffletffigyptum,
465 3231 492 3285 in
500 3224 944 3301 morbumiinplicitusdecessit³⁰.
952 3224 996 3281 Ibi

104 3324 169 3362 eum
183 3309 278 3376 amici,
291 3311 349 3382 quo
366 3313 496 3383 Spartam
510 3308 617 3363 lucilius
634 3306 763 3382 perferre
775 3314 902 3379 possent,
915 3304 996 3376 qubd

103 3387 158 3443 mel
177 3406 237 3442 non
253 3388 411 3458 habebant,
425 3391 491 3446 cera
509 3387 771 3454 circumfuderunt,
787 3395 872 3454 atque
888 3384 926 3440 ita
940 3384 994 3440 do·
1064 3451 1067 3455 ι

101 3484 180 3521 mum
193 3467 360 3520 retulerunt.
