<?xml version="1.0" encoding="UTF-8"?>
<!DOCTYPE html PUBLIC "-//W3C//DTD XHTML 1.0 Transitional//EN"
    "http://www.w3.org/TR/xhtml1/DTD/xhtml1-transitional.dtd">
<html xmlns="http://www.w3.org/1999/xhtml" xml:lang="en" lang="en">
 <head>
  <title>
</title>
<meta http-equiv="Content-Type" content="text/html;charset=utf-8" />
  <meta name='ocr-system' content='tesseract 3.04.00' />
  <meta name='ocr-capabilities' content='ocr_page ocr_carea ocr_par ocr_line ocrx_word'/>
</head>
<body>
  <div class='ocr_page' id='page_1' title='image "./corneliinepotis10nepogoog_0018.png"; bbox 0 0 2228 3892; ppageno 0'>
   <div class='ocr_carea' id='block_1_1' title="bbox 109 303 736 364">
    <p class='ocr_par' dir='ltr' id='par_1_1' title="bbox 109 303 736 364">
     <span class='ocr_line' id='line_1_1' title="bbox 109 303 736 364; baseline -0.011 -1"><span class='ocrx_word' id='word_1_1' title='bbox 109 315 127 363; x_wconf 85' lang='lat'>2</span> <span class='ocrx_word' id='word_1_2' title='bbox 363 303 554 362; x_wconf 76' lang='lat' dir='ltr'><strong>couneus</strong></span> <span class='ocrx_word' id='word_1_3' title='bbox 569 310 736 364; x_wconf 82' lang='grc'>33333333</span> 
     </span>
    </p>
   </div>
   <div class='ocr_carea' id='block_1_2' title="bbox 108 402 1001 637">
    <p class='ocr_par' dir='ltr' id='par_1_2' title="bbox 108 402 1001 637">
     <span class='ocr_line' id='line_1_2' title="bbox 110 402 996 481; baseline 0.003 -26"><span class='ocrx_word' id='word_1_4' title='bbox 110 404 217 470; x_wconf 92' lang='lat' dir='ltr'><strong>oriens,</strong></span> <span class='ocrx_word' id='word_1_5' title='bbox 236 402 385 460; x_wconf 85' lang='lat' dir='ltr'><strong>adversum</strong></span> <span class='ocrx_word' id='word_1_6' title='bbox 405 407 492 461; x_wconf 81' lang='lat' dir='ltr'><strong>tenet³</strong></span> <span class='ocrx_word' id='word_1_7' title='bbox 515 406 633 462; x_wconf 82' lang='lat' dir='ltr'>Athenis</span> <span class='ocrx_word' id='word_1_8' title='bbox 653 405 905 481; x_wconf 87' lang='lat' dir='ltr'><strong>proficiscentibus.</strong></span> <span class='ocrx_word' id='word_1_9' title='bbox 928 405 996 458; x_wconf 81' lang='lat' dir='ltr'><strong>Mil-</strong></span> 
     </span>
     <span class='ocr_line' id='line_1_3' title="bbox 108 480 1001 560; baseline 0.006 -27"><span class='ocrx_word' id='word_1_10' title='bbox 108 480 208 548; x_wconf 88' lang='lat' dir='ltr'><strong>tiades,</strong></span> <span class='ocrx_word' id='word_1_11' title='bbox 222 485 352 538; x_wconf 82' lang='lat' dir='ltr'><strong>morandi</strong></span> <span class='ocrx_word' id='word_1_12' title='bbox 367 495 477 560; x_wconf 89' lang='lat' dir='ltr'><strong>tempus</strong></span> <span class='ocrx_word' id='word_1_13' title='bbox 491 505 549 540; x_wconf 92' lang='lat' dir='ltr'><strong>non</strong></span> <span class='ocrx_word' id='word_1_14' title='bbox 562 485 684 553; x_wconf 89' lang='lat' dir='ltr'><strong>babens,</strong></span> <span class='ocrx_word' id='word_1_15' title='bbox 702 503 816 541; x_wconf 87' lang='lat' dir='ltr'><strong>cursum</strong></span> <span class='ocrx_word' id='word_1_16' title='bbox 827 483 930 539; x_wconf 80' lang='lat' dir='ltr'><strong>direxit</strong></span> <span class='ocrx_word' id='word_1_17' title='bbox 941 481 1001 555; x_wconf 75' lang='lat' dir='ltr'><strong>qud</strong></span> 
     </span>
     <span class='ocr_line' id='line_1_4' title="bbox 108 559 679 637; baseline 0.016 -25"><span class='ocrx_word' id='word_1_18' title='bbox 108 559 255 629; x_wconf 89' lang='lat' dir='ltr'><strong>tendebat,</strong></span> <span class='ocrx_word' id='word_1_19' title='bbox 268 566 452 637; x_wconf 80' lang='lat' dir='ltr'>pervenitque</span> <span class='ocrx_word' id='word_1_20' title='bbox 465 565 679 621; x_wconf 77' lang='lat' dir='ltr'><strong>Chersonesum</strong></span> 
     </span>
    </p>
   </div>
   <div class='ocr_carea' id='block_1_3' title="bbox 142 703 964 776">
    <p class='ocr_par' dir='ltr' id='par_1_3' title="bbox 142 703 964 776">
     <span class='ocr_line' id='line_1_5' title="bbox 142 703 964 776; baseline 0.016 -27"><span class='ocrx_word' id='word_1_21' title='bbox 142 705 175 750; x_wconf 91' lang='lat'><strong>11.</strong></span> <span class='ocrx_word' id='word_1_22' title='bbox 196 703 329 767; x_wconf 81' lang='lat' dir='ltr'><strong>Miltiades,</strong></span> <span class='ocrx_word' id='word_1_23' title='bbox 344 705 493 758; x_wconf 80' lang='lat' dir='ltr'>Chersoneso</span> <span class='ocrx_word' id='word_1_24' title='bbox 499 708 599 775; x_wconf 87' lang='lat' dir='ltr'><strong>potitus,</strong></span> <span class='ocrx_word' id='word_1_25' title='bbox 614 713 727 758; x_wconf 84' lang='lat' dir='ltr'><strong>Lemnum</strong></span> <span class='ocrx_word' id='word_1_26' title='bbox 735 709 799 776; x_wconf 77' lang='lat' dir='ltr'><strong>capit</strong></span> <span class='ocrx_word' id='word_1_27' title='bbox 810 719 833 760; x_wconf 89' lang='lat' dir='ltr'><strong>ct</strong></span> <span class='ocrx_word' id='word_1_28' title='bbox 842 709 964 776; x_wconf 84' lang='lat' dir='ltr'><strong>Cycladas.</strong></span> 
     </span>
    </p>
   </div>
   <div class='ocr_carea' id='block_1_4' title="bbox 101 832 1005 2580">
    <p class='ocr_par' dir='ltr' id='par_1_4' title="bbox 102 832 1001 1550">
     <span class='ocr_line' id='line_1_6' title="bbox 141 832 1001 918; baseline 0.012 -25"><span class='ocrx_word' id='word_1_29' title='bbox 141 840 198 907; x_wconf 86' lang='grc'>133,</span> <span class='ocrx_word' id='word_1_30' title='bbox 214 841 295 897; x_wconf 91' lang='lat' dir='ltr'><strong>brevi</strong></span> <span class='ocrx_word' id='word_1_31' title='bbox 313 853 454 918; x_wconf 86' lang='lat' dir='ltr'><strong>tempore,</strong></span> <span class='ocrx_word' id='word_1_32' title='bbox 471 832 681 900; x_wconf 72' lang='lat' dir='ltr'><strong>barbaroruml</strong></span> <span class='ocrx_word' id='word_1_33' title='bbox 697 845 784 918; x_wconf 90' lang='lat' dir='ltr'><strong>copiis</strong></span> <span class='ocrx_word' id='word_1_34' title='bbox 795 844 931 918; x_wconf 88' lang='lat' dir='ltr'><strong>disjectis,</strong></span> <span class='ocrx_word' id='word_1_35' title='bbox 942 846 1001 903; x_wconf 82' lang='lat' dir='ltr'><strong>toll</strong></span> 
     </span>
     <span class='ocr_line' id='line_1_7' title="bbox 106 919 999 1010; baseline 0.012 -40"><span class='ocrx_word' id='word_1_36' title='bbox 106 919 224 1010; x_wconf 84' lang='lat' dir='ltr'><strong>regione</strong></span> <span class='ocrx_word' id='word_1_37' title='bbox 235 941 319 994; x_wconf 68' lang='lat' dir='ltr'><strong>qutun</strong></span> <span class='ocrx_word' id='word_1_38' title='bbox 333 923 449 996; x_wconf 86' lang='lat' dir='ltr'><strong>petierat</strong></span> <span class='ocrx_word' id='word_1_39' title='bbox 463 923 582 996; x_wconf 82' lang='lat' dir='ltr'><strong>potitus,</strong></span> <span class='ocrx_word' id='word_1_40' title='bbox 596 925 658 978; x_wconf 90' lang='lat' dir='ltr'><strong>loca</strong></span> <span class='ocrx_word' id='word_1_41' title='bbox 672 924 789 978; x_wconf 80' lang='lat' dir='ltr'><strong>castellis</strong></span> <span class='ocrx_word' id='word_1_42' title='bbox 803 925 904 979; x_wconf 88' lang='lat' dir='ltr'><strong>idonea</strong></span> <span class='ocrx_word' id='word_1_43' title='bbox 915 942 999 980; x_wconf 90' lang='lat' dir='ltr'><strong>com-</strong></span> 
     </span>
     <span class='ocr_line' id='line_1_8' title="bbox 106 999 1000 1076; baseline 0.009 -25"><span class='ocrx_word' id='word_1_44' title='bbox 106 999 244 1053; x_wconf 88' lang='lat' dir='ltr'><strong>munivit·</strong></span> <span class='ocrx_word' id='word_1_45' title='bbox 238 1003 481 1069; x_wconf 83' lang='lat' dir='ltr'><strong>,multitudincrn,</strong></span> <span class='ocrx_word' id='word_1_46' title='bbox 499 1023 583 1075; x_wconf 80' lang='lat' dir='ltr'><strong>quarn</strong></span> <span class='ocrx_word' id='word_1_47' title='bbox 603 1023 699 1059; x_wconf 87' lang='lat' dir='ltr'><strong>secum</strong></span> <span class='ocrx_word' id='word_1_48' title='bbox 724 1003 887 1068; x_wconf 83' lang='lat' dir='ltr'><strong>duxerat,</strong></span> <span class='ocrx_word' id='word_1_49' title='bbox 881 1003 1000 1076; x_wconf 65' lang='lat' dir='ltr'><strong>magri!</strong></span> 
     </span>
     <span class='ocr_line' id='line_1_9' title="bbox 104 1042 1000 1178; baseline 0.008 -47"><span class='ocrx_word' id='word_1_50' title='bbox 104 1042 251 1134; x_wconf 89' lang='lat' dir='ltr'><strong>collocavit</strong></span> <span class='ocrx_word' id='word_1_51' title='bbox 261 1079 665 1178; x_wconf 60' lang='lat' dir='ltr'><strong>,crebrisqueexcursionibus</strong></span> <span class='ocrx_word' id='word_1_52' title='bbox 683 1043 873 1155; x_wconf 81' lang='lat' dir='ltr'><strong>locupletavit</strong></span> <span class='ocrx_word' id='word_1_53' title='bbox 900 1082 1000 1152; x_wconf 84' lang='lat' dir='ltr'><strong>Neque</strong></span> 
     </span>
     <span class='ocr_line' id='line_1_10' title="bbox 105 1155 999 1234; baseline 0.007 -26"><span class='ocrx_word' id='word_1_54' title='bbox 105 1155 233 1212; x_wconf 84' lang='grc'>3313133133</span> <span class='ocrx_word' id='word_1_55' title='bbox 245 1162 274 1214; x_wconf 73' lang='lat' dir='ltr'><strong>esi</strong></span> <span class='ocrx_word' id='word_1_56' title='bbox 291 1163 477 1234; x_wconf 73' lang='lat' dir='ltr'><strong>reprudentii</strong></span> <span class='ocrx_word' id='word_1_57' title='bbox 488 1163 574 1234; x_wconf 69' lang='grc'>(33333</span> <span class='ocrx_word' id='word_1_58' title='bbox 588 1163 716 1216; x_wconf 83' lang='grc'>1311313333</span> <span class='ocrx_word' id='word_1_59' title='bbox 727 1161 840 1231; x_wconf 79' lang='lat' dir='ltr'><strong>adjutus</strong></span> <span class='ocrx_word' id='word_1_60' title='bbox 853 1170 913 1214; x_wconf 85' lang='lat' dir='ltr'><strong>cst:</strong></span> <span class='ocrx_word' id='word_1_61' title='bbox 923 1178 999 1226; x_wconf 84' lang='lat' dir='ltr'><strong>uam,</strong></span> 
     </span>
     <span class='ocr_line' id='line_1_11' title="bbox 104 1237 999 1326; baseline 0.004 -38"><span class='ocrx_word' id='word_1_62' title='bbox 104 1251 192 1305; x_wconf 91' lang='lat' dir='ltr'><strong>quum</strong></span> <span class='ocrx_word' id='word_1_63' title='bbox 200 1238 305 1292; x_wconf 89' lang='lat' dir='ltr'><strong>virtute</strong></span> <span class='ocrx_word' id='word_1_64' title='bbox 316 1241 436 1294; x_wconf 88' lang='lat' dir='ltr'><strong>militum</strong></span> <span class='ocrx_word' id='word_1_65' title='bbox 449 1241 591 1296; x_wconf 84' lang='lat' dir='ltr'><strong>devicisset</strong></span> <span class='ocrx_word' id='word_1_66' title='bbox 604 1241 726 1295; x_wconf 88' lang='lat' dir='ltr'><strong>bostium</strong></span> <span class='ocrx_word' id='word_1_67' title='bbox 735 1239 880 1326; x_wconf 85' lang='lat' dir='ltr'><strong>exercitus,</strong></span> <span class='ocrx_word' id='word_1_68' title='bbox 891 1237 999 1292; x_wconf 69' lang='lat' dir='ltr'><strong>summi</strong></span> 
     </span>
     <span class='ocr_line' id='line_1_12' title="bbox 104 1296 998 1392; baseline 0.003 -26"><span class='ocrx_word' id='word_1_69' title='bbox 104 1315 233 1385; x_wconf 84' lang='lat' dir='ltr'><strong>aequitate</strong></span> <span class='ocrx_word' id='word_1_70' title='bbox 246 1335 290 1370; x_wconf 85' lang='lat' dir='ltr'><strong>res</strong></span> <span class='ocrx_word' id='word_1_71' title='bbox 311 1319 471 1382; x_wconf 84' lang='grc'>3333313313,</span> <span class='ocrx_word' id='word_1_72' title='bbox 487 1332 571 1390; x_wconf 86' lang='lat' dir='ltr'><strong>atque</strong></span> <span class='ocrx_word' id='word_1_73' title='bbox 586 1321 643 1392; x_wconf 86' lang='lat' dir='ltr'><strong>ipse</strong></span> <span class='ocrx_word' id='word_1_74' title='bbox 657 1319 759 1373; x_wconf 83' lang='lat' dir='ltr'><strong>ibidem</strong></span> <span class='ocrx_word' id='word_1_75' title='bbox 772 1296 886 1371; x_wconf 82' lang='lat' dir='ltr'><strong>maneie</strong></span> <span class='ocrx_word' id='word_1_76' title='bbox 898 1316 998 1370; x_wconf 87' lang='lat' dir='ltr'><strong>decre-</strong></span> 
     </span>
     <span class='ocr_line' id='line_1_13' title="bbox 103 1391 996 1492; baseline 0.006 -48"><span class='ocrx_word' id='word_1_77' title='bbox 103 1391 150 1444; x_wconf 85' lang='lat' dir='ltr'><strong>vit.</strong></span> <span class='ocrx_word' id='word_1_78' title='bbox 163 1394 230 1447; x_wconf 84' lang='lat' dir='ltr'><strong>Erat</strong></span> <span class='ocrx_word' id='word_1_79' title='bbox 246 1396 319 1448; x_wconf 87' lang='lat' dir='ltr'><strong>enim</strong></span> <span class='ocrx_word' id='word_1_80' title='bbox 337 1396 468 1451; x_wconf 85' lang='lat' dir='ltr'><strong>intereos</strong></span> <span class='ocrx_word' id='word_1_81' title='bbox 481 1397 614 1469; x_wconf 73' lang='lat' dir='ltr'><strong>dignitate</strong></span> <span class='ocrx_word' id='word_1_82' title='bbox 635 1394 723 1492; x_wconf 84' lang='lat' dir='ltr'><strong>regia,</strong></span> <span class='ocrx_word' id='word_1_83' title='bbox 744 1396 871 1467; x_wconf 87' lang='lat' dir='ltr'><strong>quamvis</strong></span> <span class='ocrx_word' id='word_1_84' title='bbox 883 1393 996 1449; x_wconf 82' lang='lat' dir='ltr'><strong>carebat</strong></span> 
     </span>
     <span class='ocr_line' id='line_1_14' title="bbox 102 1460 996 1550; baseline 0.006 -27"><span class='ocrx_word' id='word_1_85' title='bbox 102 1473 244 1528; x_wconf 79' lang='lat' dir='ltr'><strong>nomine5:</strong></span> <span class='ocrx_word' id='word_1_86' title='bbox 254 1495 345 1546; x_wconf 83' lang='lat' dir='ltr'><strong>neque</strong></span> <span class='ocrx_word' id='word_1_87' title='bbox 358 1475 429 1529; x_wconf 87' lang='lat' dir='ltr'><strong>idm</strong></span> <span class='ocrx_word' id='word_1_88' title='bbox 423 1477 493 1550; x_wconf 78' lang='lat' dir='ltr'><strong>igisi</strong></span> <span class='ocrx_word' id='word_1_89' title='bbox 526 1476 606 1549; x_wconf 88' lang='lat' dir='ltr'><strong>perio</strong></span> <span class='ocrx_word' id='word_1_90' title='bbox 617 1460 702 1548; x_wconf 82' lang='lat' dir='ltr'><strong>qlrain</strong></span> <span class='ocrx_word' id='word_1_91' title='bbox 714 1474 996 1545; x_wconf 73' lang='lat' dir='ltr'><strong>justitiaconsecutus</strong></span> 
     </span>
    </p>

    <p class='ocr_par' dir='ltr' id='par_1_5' title="bbox 101 1551 1005 2580">
     <span class='ocr_line' id='line_1_15' title="bbox 102 1551 983 1628; baseline 0.002 -24.066"><span class='ocrx_word' id='word_1_92' title='bbox 102 1551 202 1623; x_wconf 86' lang='lat' dir='ltr'><strong>Neque</strong></span> <span class='ocrx_word' id='word_1_93' title='bbox 215 1555 248 1608; x_wconf 81' lang='lat' dir='ltr'><strong>eo</strong></span> <span class='ocrx_word' id='word_1_94' title='bbox 263 1556 351 1609; x_wconf 88' lang='lat' dir='ltr'><strong>secius</strong></span> <span class='ocrx_word' id='word_1_95' title='bbox 364 1556 502 1610; x_wconf 82' lang='grc'>1131333133</span> <span class='ocrx_word' id='word_1_96' title='bbox 520 1556 593 1622; x_wconf 90' lang='lat' dir='ltr'><strong>ibus,</strong></span> <span class='ocrx_word' id='word_1_97' title='bbox 614 1575 629 1609; x_wconf 99' lang='lat' dir='ltr'><strong>a</strong></span> <span class='ocrx_word' id='word_1_98' title='bbox 648 1554 751 1628; x_wconf 88' lang='lat' dir='ltr'><strong>quibus</strong></span> <span class='ocrx_word' id='word_1_99' title='bbox 763 1563 823 1606; x_wconf 87' lang='grc'>3333</span> <span class='ocrx_word' id='word_1_100' title='bbox 842 1551 983 1624; x_wconf 84' lang='lat' dir='ltr'><strong>proiectus</strong></span> 
     </span>
     <span class='ocr_line' id='line_1_16' title="bbox 102 1627 997 1726; baseline 0.002 -44"><span class='ocrx_word' id='word_1_101' title='bbox 102 1628 194 1684; x_wconf 84' lang='lat' dir='ltr'><strong>officia</strong></span> <span class='ocrx_word' id='word_1_102' title='bbox 205 1645 296 1704; x_wconf 80' lang='lat' dir='ltr'><strong>praest</strong></span> <span class='ocrx_word' id='word_1_103' title='bbox 297 1634 332 1685; x_wconf 74' lang='lat' dir='ltr'><strong>ib</strong></span> <span class='ocrx_word' id='word_1_104' title='bbox 328 1627 480 1726; x_wconf 53' lang='lat' dir='ltr'><strong>mnibus</strong></span> <span class='ocrx_word' id='word_1_105' title='bbox 492 1636 576 1690; x_wconf 83' lang='lat' dir='ltr'><strong>iebus</strong></span> <span class='ocrx_word' id='word_1_106' title='bbox 589 1633 652 1688; x_wconf 85' lang='lat' dir='ltr'><strong>fieb</strong></span> <span class='ocrx_word' id='word_1_107' title='bbox 653 1645 673 1687; x_wconf 79' lang='lat' dir='ltr'><strong>it</strong></span> <span class='ocrx_word' id='word_1_108' title='bbox 685 1644 787 1686; x_wconf 90' lang='lat' dir='ltr'><strong>utnon</strong></span> <span class='ocrx_word' id='word_1_109' title='bbox 797 1630 889 1684; x_wconf 88' lang='grc'>3313133</span> <span class='ocrx_word' id='word_1_110' title='bbox 897 1649 997 1686; x_wconf 78' lang='lat' dir='ltr'><strong>corun.</strong></span> 
     </span>
     <span class='ocr_line' id='line_1_17' title="bbox 103 1708 996 1787; baseline 0.002 -27"><span class='ocrx_word' id='word_1_111' title='bbox 103 1708 246 1765; x_wconf 84' lang='lat' dir='ltr'><strong>voluntate</strong></span> <span class='ocrx_word' id='word_1_112' title='bbox 275 1717 412 1785; x_wconf 78' lang='lat' dir='ltr'><strong>perpetuo</strong></span> <span class='ocrx_word' id='word_1_113' title='bbox 435 1715 585 1787; x_wconf 86' lang='lat' dir='ltr'><strong>imperium</strong></span> <span class='ocrx_word' id='word_1_114' title='bbox 602 1711 751 1766; x_wconf 86' lang='lat' dir='ltr'><strong>obtineret</strong></span> <span class='ocrx_word' id='word_1_115' title='bbox 775 1710 824 1782; x_wconf 87' lang='lat' dir='ltr'><strong>qui</strong></span> <span class='ocrx_word' id='word_1_116' title='bbox 850 1709 996 1776; x_wconf 88' lang='lat' dir='ltr'><strong>miserant,</strong></span> 
     </span>
     <span class='ocr_line' id='line_1_18' title="bbox 103 1749 997 1866; baseline -0.001 -25"><span class='ocrx_word' id='word_1_117' title='bbox 103 1786 190 1860; x_wconf 75' lang='lat' dir='ltr'><strong>qulam</strong></span> <span class='ocrx_word' id='word_1_118' title='bbox 202 1789 316 1843; x_wconf 86' lang='lat' dir='ltr'><strong>illorum</strong></span> <span class='ocrx_word' id='word_1_119' title='bbox 330 1810 393 1844; x_wconf 89' lang='grc'>3333</span> <span class='ocrx_word' id='word_1_120' title='bbox 408 1793 510 1864; x_wconf 88' lang='lat' dir='ltr'><strong>quibus</strong></span> <span class='ocrx_word' id='word_1_121' title='bbox 522 1803 581 1847; x_wconf 88' lang='lat' dir='ltr'><strong>erat</strong></span> <span class='ocrx_word' id='word_1_122' title='bbox 593 1791 746 1866; x_wconf 81' lang='lat' dir='ltr'><strong>profectus.</strong></span> <span class='ocrx_word' id='word_1_123' title='bbox 760 1789 937 1843; x_wconf 87' lang='lat' dir='ltr'><strong>Chersoneso</strong></span> <span class='ocrx_word' id='word_1_124' title='bbox 948 1749 997 1840; x_wconf 79' lang='lat' dir='ltr'><strong>toli</strong></span> 
     </span>
     <span class='ocr_line' id='line_1_19' title="bbox 102 1867 995 2001; baseline -0.003 -79"><span class='ocrx_word' id='word_1_125' title='bbox 102 1867 188 1922; x_wconf 89' lang='lat' dir='ltr'><strong>modo</strong></span> <span class='ocrx_word' id='word_1_126' title='bbox 202 1871 371 1936; x_wconf 73' lang='lat' dir='ltr'><strong>constituta,</strong></span> <span class='ocrx_word' id='word_1_127' title='bbox 385 1872 520 1926; x_wconf 86' lang='lat' dir='ltr'><strong>lemnum</strong></span> <span class='ocrx_word' id='word_1_128' title='bbox 537 1871 701 1962; x_wconf 85' lang='grc'>3333331333,</span> <span class='ocrx_word' id='word_1_129' title='bbox 714 1880 741 1925; x_wconf 83' lang='grc'><strong>33</strong></span> <span class='ocrx_word' id='word_1_130' title='bbox 752 1887 787 1923; x_wconf 86' lang='lat' dir='ltr'><strong>ex</strong></span> <span class='ocrx_word' id='word_1_131' title='bbox 799 1878 882 2001; x_wconf 50' lang='lat' dir='ltr'><strong>pappo</strong></span> <span class='ocrx_word' id='word_1_132' title='bbox 894 1875 995 1940; x_wconf 88' lang='lat' dir='ltr'><strong>postu-</strong></span> 
     </span>
     <span class='ocr_line' id='line_1_20' title="bbox 101 1945 996 2029; baseline 0 -29"><span class='ocrx_word' id='word_1_133' title='bbox 101 1945 140 2002; x_wconf 90' lang='lat' dir='ltr'><strong>lat</strong></span> <span class='ocrx_word' id='word_1_134' title='bbox 151 1958 184 2002; x_wconf 90' lang='lat' dir='ltr'><strong>ut</strong></span> <span class='ocrx_word' id='word_1_135' title='bbox 198 1948 248 2003; x_wconf 89' lang='lat' dir='ltr'><strong>sibi</strong></span> <span class='ocrx_word' id='word_1_136' title='bbox 263 1950 363 2005; x_wconf 87' lang='lat' dir='ltr'><strong>urbem</strong></span> <span class='ocrx_word' id='word_1_137' title='bbox 375 1952 446 2007; x_wconf 50' lang='lat' dir='ltr'><strong>tiwad</strong></span> <span class='ocrx_word' id='word_1_138' title='bbox 441 1964 487 2006; x_wconf 86' lang='grc'><strong>333</strong></span> <span class='ocrx_word' id='word_1_139' title='bbox 496 1952 504 2029; x_wconf 86' lang='grc'>(</span> <span class='ocrx_word' id='word_1_140' title='bbox 514 1952 557 2006; x_wconf 91' lang='grc'>1111</span> <span class='ocrx_word' id='word_1_141' title='bbox 563 1952 639 2006; x_wconf 89' lang='lat' dir='ltr'><strong>enim</strong></span> <span class='ocrx_word' id='word_1_142' title='bbox 651 1951 796 2016; x_wconf 82' lang='lat' dir='ltr'><strong>dixerant,</strong></span> <span class='ocrx_word' id='word_1_143' title='bbox 815 1966 834 2020; x_wconf 89' lang='lat' dir='ltr'>q</span> <span class='ocrx_word' id='word_1_144' title='bbox 867 1953 996 2017; x_wconf 73' lang='lat' dir='ltr'><strong>punento</strong></span> 
     </span>
     <span class='ocr_line' id='line_1_21' title="bbox 102 2021 957 2102; baseline 0.001 -23"><span class='ocrx_word' id='word_1_145' title='bbox 102 2025 192 2080; x_wconf 78' lang='lat' dir='ltr'><strong>Borel</strong></span> <span class='ocrx_word' id='word_1_146' title='bbox 204 2028 292 2081; x_wconf 87' lang='lat' dir='ltr'><strong>domo</strong></span> <span class='ocrx_word' id='word_1_147' title='bbox 307 2029 449 2100; x_wconf 81' lang='lat' dir='ltr'><strong>proiectus</strong></span> <span class='ocrx_word' id='word_1_148' title='bbox 464 2033 498 2084; x_wconf 81' lang='lat' dir='ltr'><strong>ei&gt;</strong></span> <span class='ocrx_word' id='word_1_149' title='bbox 511 2032 697 2102; x_wconf 86' lang='lat' dir='ltr'><strong>pervenisset,</strong></span> <span class='ocrx_word' id='word_1_150' title='bbox 710 2047 767 2084; x_wconf 84' lang='lat' dir='ltr'><strong>sese</strong></span> <span class='ocrx_word' id='word_1_151' title='bbox 790 2021 957 2101; x_wconf 83' lang='lat' dir='ltr'><strong>deditbros),</strong></span> 
     </span>
     <span class='ocr_line' id='line_1_22' title="bbox 103 2042 1005 2248; baseline -0.001 -90"><span class='ocrx_word' id='word_1_152' title='bbox 103 2114 196 2158; x_wconf 75' lang='lat' dir='ltr'><strong>autem</strong></span> <span class='ocrx_word' id='word_1_153' title='bbox 211 2105 328 2159; x_wconf 81' lang='lat' dir='ltr'><strong>domuin</strong></span> <span class='ocrx_word' id='word_1_154' title='bbox 341 2108 509 2163; x_wconf 77' lang='lat' dir='ltr'><strong>Chersonesi</strong></span> <span class='ocrx_word' id='word_1_155' title='bbox 521 2109 634 2162; x_wconf 87' lang='lat' dir='ltr'><strong>babere.</strong></span> <span class='ocrx_word' id='word_1_156' title='bbox 650 2108 749 2172; x_wconf 88' lang='lat' dir='ltr'><strong>Cares,</strong></span> <span class='ocrx_word' id='word_1_157' title='bbox 761 2106 811 2176; x_wconf 86' lang='lat' dir='ltr'><strong>qui</strong></span> <span class='ocrx_word' id='word_1_158' title='bbox 830 2117 891 2159; x_wconf 89' lang='lat' dir='ltr'><strong>tum</strong></span> <span class='ocrx_word' id='word_1_159' title='bbox 910 2042 1005 2248; x_wconf 45' lang='lat' dir='ltr'><strong>Leni}</strong></span> 
     </span>
     <span class='ocr_line' id='line_1_23' title="bbox 102 2181 979 2262; baseline -0.003 -25"><span class='ocrx_word' id='word_1_160' title='bbox 102 2201 171 2237; x_wconf 92' lang='lat' dir='ltr'><strong>num</strong></span> <span class='ocrx_word' id='word_1_161' title='bbox 194 2184 369 2252; x_wconf 84' lang='lat' dir='ltr'><strong>incolebant,</strong></span> <span class='ocrx_word' id='word_1_162' title='bbox 389 2188 438 2241; x_wconf 89' lang='lat' dir='ltr'><strong>etsi</strong></span> <span class='ocrx_word' id='word_1_163' title='bbox 458 2198 561 2262; x_wconf 82' lang='lat' dir='ltr'><strong>praeter</strong></span> <span class='ocrx_word' id='word_1_164' title='bbox 580 2182 758 2260; x_wconf 82' lang='lat' dir='ltr'><strong>opinionem⁶</strong></span> <span class='ocrx_word' id='word_1_165' title='bbox 773 2201 817 2238; x_wconf 89' lang='lat' dir='ltr'><strong>res</strong></span> <span class='ocrx_word' id='word_1_166' title='bbox 839 2181 979 2236; x_wconf 74' lang='lat' dir='ltr'><strong>ceciderat</strong></span> 
     </span>
     <span class='ocr_line' id='line_1_24' title="bbox 102 2226 1000 2332; baseline -0.003 -15"><span class='ocrx_word' id='word_1_167' title='bbox 102 2272 194 2320; x_wconf 84' lang='grc'>3333333</span> <span class='ocrx_word' id='word_1_168' title='bbox 214 2284 271 2319; x_wconf 88' lang='lat' dir='ltr'><strong>nou</strong></span> <span class='ocrx_word' id='word_1_169' title='bbox 283 2226 391 2332; x_wconf 77' lang='grc'>(1133316,</span> <span class='ocrx_word' id='word_1_170' title='bbox 414 2268 462 2321; x_wconf 88' lang='lat' dir='ltr'><strong>sed</strong></span> <span class='ocrx_word' id='word_1_171' title='bbox 486 2267 608 2322; x_wconf 87' lang='lat' dir='ltr'><strong>secunda</strong></span> <span class='ocrx_word' id='word_1_172' title='bbox 630 2264 746 2319; x_wconf 70' lang='lat' dir='ltr'><strong>fortuni</strong></span> <span class='ocrx_word' id='word_1_173' title='bbox 769 2261 1000 2316; x_wconf 82' lang='lat' dir='ltr'><strong>adversariorum</strong></span> 
     </span>
     <span class='ocr_line' id='line_1_25' title="bbox 101 2341 998 2435; baseline -0.004 -38"><span class='ocrx_word' id='word_1_174' title='bbox 101 2343 191 2417; x_wconf 87' lang='lat' dir='ltr'><strong>capti,</strong></span> <span class='ocrx_word' id='word_1_175' title='bbox 199 2345 327 2398; x_wconf 86' lang='lat' dir='ltr'><strong>resistere</strong></span> <span class='ocrx_word' id='word_1_176' title='bbox 339 2345 397 2399; x_wconf 89' lang='grc'>3331</span> <span class='ocrx_word' id='word_1_177' title='bbox 407 2365 466 2400; x_wconf 93' lang='lat' dir='ltr'><strong>non</strong></span> <span class='ocrx_word' id='word_1_178' title='bbox 474 2357 551 2415; x_wconf 90' lang='lat' dir='ltr'><strong>sunt,</strong></span> <span class='ocrx_word' id='word_1_179' title='bbox 563 2357 646 2435; x_wconf 75' lang='lat' dir='ltr'><strong>atqpe</strong></span> <span class='ocrx_word' id='word_1_180' title='bbox 655 2362 689 2398; x_wconf 85' lang='lat' dir='ltr'><strong>ex</strong></span> <span class='ocrx_word' id='word_1_181' title='bbox 697 2341 788 2396; x_wconf 82' lang='grc'>3333313</span> <span class='ocrx_word' id='word_1_182' title='bbox 794 2341 998 2413; x_wconf 73' lang='lat' dir='ltr'><strong>demigrirunt.</strong></span> 
     </span>
     <span class='ocr_line' id='line_1_26' title="bbox 102 2420 998 2497; baseline -0.004 -21"><span class='ocrx_word' id='word_1_183' title='bbox 102 2423 165 2477; x_wconf 85' lang='lat' dir='ltr'><strong>Pari</strong></span> <span class='ocrx_word' id='word_1_184' title='bbox 177 2421 306 2479; x_wconf 86' lang='lat' dir='ltr'><strong>felicitate</strong></span> <span class='ocrx_word' id='word_1_185' title='bbox 318 2437 430 2480; x_wconf 81' lang='grc'>33333333</span> <span class='ocrx_word' id='word_1_186' title='bbox 443 2426 558 2492; x_wconf 83' lang='lat' dir='ltr'><strong>insulas,</strong></span> <span class='ocrx_word' id='word_1_187' title='bbox 572 2442 635 2497; x_wconf 87' lang='lat' dir='ltr'><strong>quae</strong></span> <span class='ocrx_word' id='word_1_188' title='bbox 650 2421 786 2495; x_wconf 77' lang='lat' dir='ltr'><strong>Cyclades</strong></span> <span class='ocrx_word' id='word_1_189' title='bbox 797 2420 982 2475; x_wconf 83' lang='lat' dir='ltr'><strong>nominantur</strong></span> <span class='ocrx_word' id='word_1_190' title='bbox 989 2452 998 2483; x_wconf 84' lang='lat'>‚</span> 
     </span>
     <span class='ocr_line' id='line_1_27' title="bbox 105 2501 692 2580; baseline -0.003 -21"><span class='ocrx_word' id='word_1_191' title='bbox 105 2501 156 2555; x_wconf 67' lang='lat' dir='ltr'><strong>fill)</strong></span> <span class='ocrx_word' id='word_1_192' title='bbox 167 2502 383 2561; x_wconf 73' lang='lat' dir='ltr'><strong>Atheniensium</strong></span> <span class='ocrx_word' id='word_1_193' title='bbox 398 2505 506 2578; x_wconf 81' lang='lat' dir='ltr'><strong>redegit</strong></span> <span class='ocrx_word' id='word_1_194' title='bbox 518 2515 692 2580; x_wconf 82' lang='lat' dir='ltr'><strong>potestatem.</strong></span> 
     </span>
    </p>
   </div>
   <div class='ocr_carea' id='block_1_5' title="bbox 114 2661 998 2790">
    <p class='ocr_par' dir='ltr' id='par_1_6' title="bbox 114 2661 998 2785">
     <span class='ocr_line' id='line_1_28' title="bbox 114 2661 998 2729; baseline -0.012 -20"><span class='ocrx_word' id='word_1_195' title='bbox 114 2663 147 2709; x_wconf 92' lang='lat'><strong>11.</strong></span> <span class='ocrx_word' id='word_1_196' title='bbox 167 2661 240 2711; x_wconf 81' lang='lat' dir='ltr'><strong>nmo</strong></span> <span class='ocrx_word' id='word_1_197' title='bbox 251 2662 342 2729; x_wconf 83' lang='lat' dir='ltr'><strong>Scythis</strong></span> <span class='ocrx_word' id='word_1_198' title='bbox 358 2664 448 2714; x_wconf 91' lang='lat' dir='ltr'><strong>bellum</strong></span> <span class='ocrx_word' id='word_1_199' title='bbox 460 2664 591 2719; x_wconf 83' lang='grc'>3313333333</span> <span class='ocrx_word' id='word_1_200' title='bbox 605 2665 738 2718; x_wconf 82' lang='lat' dir='ltr'><strong>Miltiades,</strong></span> <span class='ocrx_word' id='word_1_201' title='bbox 754 2664 831 2724; x_wconf 79' lang='lat' dir='ltr'><strong>ponus</strong></span> <span class='ocrx_word' id='word_1_202' title='bbox 843 2664 935 2714; x_wconf 82' lang='lat' dir='ltr'><strong>custos,</strong></span> <span class='ocrx_word' id='word_1_203' title='bbox 945 2665 998 2700; x_wconf 80' lang='lat' dir='ltr'><strong>con</strong></span> 
     </span>
     <span class='ocr_line' id='line_1_29' title="bbox 137 2720 988 2790; baseline -0.013 -10"><span class='ocrx_word' id='word_1_204' title='bbox 137 2730 214 2780; x_wconf 85' lang='lat' dir='ltr'><strong>silium</strong></span> <span class='ocrx_word' id='word_1_205' title='bbox 233 2732 273 2781; x_wconf 87' lang='grc'>(133</span> <span class='ocrx_word' id='word_1_206' title='bbox 286 2735 430 2785; x_wconf 78' lang='lat' dir='ltr'><strong>excutiendae</strong></span> <span class='ocrx_word' id='word_1_207' title='bbox 446 2731 611 2785; x_wconf 83' lang='lat' dir='ltr'><strong>dominationis</strong></span> <span class='ocrx_word' id='word_1_208' title='bbox 628 2731 737 2790; x_wconf 77' lang='lat' dir='ltr'><strong>Persice,</strong></span> <span class='ocrx_word' id='word_1_209' title='bbox 751 2727 793 2776; x_wconf 87' lang='lat' dir='ltr'><strong>sed</strong></span> <span class='ocrx_word' id='word_1_210' title='bbox 805 2725 835 2774; x_wconf 84' lang='lat' dir='ltr'><strong>ab</strong></span> <span class='ocrx_word' id='word_1_211' title='bbox 852 2720 988 2773; x_wconf 80' lang='lat' dir='ltr'><strong>Histiaeoim</strong></span> 
     </span>
    </p>
   </div>
   <div class='ocr_carea' id='block_1_6' title="bbox 104 2803 1026 3324">
    <p class='ocr_par' dir='ltr' id='par_1_7' title="bbox 104 2803 1026 3306">
     <span class='ocr_line' id='line_1_30' title="bbox 137 2803 1026 2897; baseline 0.016 -47"><span class='ocrx_word' id='word_1_212' title='bbox 137 2803 265 2874; x_wconf 86' lang='lat' dir='ltr'><strong>peditur.</strong></span> <span class='ocrx_word' id='word_1_213' title='bbox 919 2830 939 2897; x_wconf 53' lang='grc' dir='ltr'>ι</span> <span class='ocrx_word' id='word_1_214' title='bbox 1012 2836 1026 2877; x_wconf 89' lang='lat'><strong>&#39;.</strong></span> 
     </span>
     <span class='ocr_line' id='line_1_31' title="bbox 140 2909 1000 2987; baseline 0.006 -24"><span class='ocrx_word' id='word_1_215' title='bbox 140 2909 249 2965; x_wconf 80' lang='lat' dir='ltr'><strong>Eisneu</strong></span> <span class='ocrx_word' id='word_1_216' title='bbox 264 2916 451 2987; x_wconf 79' lang='lat' dir='ltr'><strong>temporibus.</strong></span> <span class='ocrx_word' id='word_1_217' title='bbox 470 2919 623 2973; x_wconf 88' lang='lat' dir='ltr'><strong>Persarum</strong></span> <span class='ocrx_word' id='word_1_218' title='bbox 639 2933 690 2972; x_wconf 87' lang='lat' dir='ltr'><strong>rex</strong></span> <span class='ocrx_word' id='word_1_219' title='bbox 704 2912 829 2979; x_wconf 71' lang='lat' dir='ltr'><strong>Dariusl,</strong></span> <span class='ocrx_word' id='word_1_220' title='bbox 841 2930 875 2967; x_wconf 85' lang='lat' dir='ltr'><strong>ex</strong></span> <span class='ocrx_word' id='word_1_221' title='bbox 892 2912 957 2967; x_wconf 73' lang='lat' dir='ltr'><strong>usit</strong></span> <span class='ocrx_word' id='word_1_222' title='bbox 971 2913 1000 2968; x_wconf 79' lang='lat' dir='ltr'><strong>in</strong></span> 
     </span>
     <span class='ocr_line' id='line_1_32' title="bbox 105 2987 1000 3070; baseline 0.004 -27"><span class='ocrx_word' id='word_1_223' title='bbox 105 2987 249 3063; x_wconf 81' lang='lat' dir='ltr'><strong>Europam</strong></span> <span class='ocrx_word' id='word_1_224' title='bbox 259 2995 384 3048; x_wconf 81' lang='lat' dir='ltr'><strong>exercitu</strong></span> <span class='ocrx_word' id='word_1_225' title='bbox 395 2996 519 3066; x_wconf 82' lang='lat' dir='ltr'><strong>trajecto,</strong></span> <span class='ocrx_word' id='word_1_226' title='bbox 526 2996 635 3070; x_wconf 89' lang='lat' dir='ltr'><strong>Scythis</strong></span> <span class='ocrx_word' id='word_1_227' title='bbox 643 2995 749 3050; x_wconf 85' lang='lat' dir='ltr'><strong>bellum</strong></span> <span class='ocrx_word' id='word_1_228' title='bbox 757 2990 1000 3047; x_wconf 81' lang='lat' dir='ltr'><strong>inferredecrevit.</strong></span> 
     </span>
     <span class='ocr_line' id='line_1_33' title="bbox 110 3070 1000 3147; baseline 0.004 -25"><span class='ocrx_word' id='word_1_229' title='bbox 110 3080 225 3124; x_wconf 65' lang='grc'>33333333</span> <span class='ocrx_word' id='word_1_230' title='bbox 235 3072 298 3126; x_wconf 83' lang='grc'>13313</span> <span class='ocrx_word' id='word_1_231' title='bbox 312 3075 340 3127; x_wconf 87' lang='grc'><strong>133</strong></span> <span class='ocrx_word' id='word_1_232' title='bbox 354 3076 426 3132; x_wconf 86' lang='grc'>13333</span> <span class='ocrx_word' id='word_1_233' title='bbox 436 3074 566 3144; x_wconf 89' lang='lat' dir='ltr'><strong>flumine,</strong></span> <span class='ocrx_word' id='word_1_234' title='bbox 581 3074 638 3147; x_wconf 80' lang='lat' dir='ltr'><strong>quai</strong></span> <span class='ocrx_word' id='word_1_235' title='bbox 650 3074 745 3147; x_wconf 89' lang='lat' dir='ltr'><strong>copias</strong></span> <span class='ocrx_word' id='word_1_236' title='bbox 755 3073 929 3137; x_wconf 79' lang='lat' dir='ltr'><strong>traduceret3</strong></span> <span class='ocrx_word' id='word_1_237' title='bbox 941 3070 1000 3142; x_wconf 75' lang='lat' dir='ltr'><strong>ejus</strong></span> 
     </span>
     <span class='ocr_line' id='line_1_34' title="bbox 104 3149 1010 3241; baseline 0.001 -38"><span class='ocrx_word' id='word_1_238' title='bbox 104 3149 212 3223; x_wconf 89' lang='lat' dir='ltr'><strong>pontis,</strong></span> <span class='ocrx_word' id='word_1_239' title='bbox 226 3151 317 3206; x_wconf 90' lang='lat' dir='ltr'><strong>dum&#39;</strong></span> <span class='ocrx_word' id='word_1_240' title='bbox 310 3174 368 3227; x_wconf 80' lang='lat' dir='ltr'><strong>ipse</strong></span> <span class='ocrx_word' id='word_1_241' title='bbox 378 3156 495 3222; x_wconf 89' lang='lat' dir='ltr'><strong>abesset,</strong></span> <span class='ocrx_word' id='word_1_242' title='bbox 508 3155 637 3210; x_wconf 78' lang='lat' dir='ltr'><strong>custodes</strong></span> <span class='ocrx_word' id='word_1_243' title='bbox 652 3153 768 3225; x_wconf 87' lang='lat' dir='ltr'><strong>reliquit</strong></span> <span class='ocrx_word' id='word_1_244' title='bbox 780 3153 920 3241; x_wconf 85' lang='lat' dir='ltr'><strong>principes</strong></span> <span class='ocrx_word' id='word_1_245' title='bbox 929 3166 1010 3222; x_wconf 54' lang='lat' dir='ltr'><strong>quotz</strong></span> 
     </span>
     <span class='ocr_line' id='line_1_35' title="bbox 105 3231 1000 3324; baseline 0 -41"><span class='ocrx_word' id='word_1_246' title='bbox 105 3245 199 3284; x_wconf 77' lang='lat' dir='ltr'><strong>secum</strong></span> <span class='ocrx_word' id='word_1_247' title='bbox 208 3249 242 3286; x_wconf 81' lang='grc'><strong>33</strong></span> <span class='ocrx_word' id='word_1_248' title='bbox 253 3233 332 3286; x_wconf 71' lang='lat' dir='ltr'><strong>lonii</strong></span> <span class='ocrx_word' id='word_1_249' title='bbox 340 3245 366 3289; x_wconf 90' lang='lat' dir='ltr'><strong>et</strong></span> <span class='ocrx_word' id='word_1_250' title='bbox 374 3236 481 3289; x_wconf 78' lang='lat' dir='ltr'><strong>AEolide</strong></span> <span class='ocrx_word' id='word_1_251' title='bbox 493 3235 626 3324; x_wconf 81' lang='lat' dir='ltr'><strong>duxerat,</strong></span> <span class='ocrx_word' id='word_1_252' title='bbox 636 3234 739 3306; x_wconf 85' lang='lat' dir='ltr'><strong>quibus</strong></span> <span class='ocrx_word' id='word_1_253' title='bbox 749 3231 882 3305; x_wconf 84' lang='lat' dir='ltr'><strong>singulis</strong></span> <span class='ocrx_word' id='word_1_254' title='bbox 877 3246 1000 3321; x_wconf 84' lang='lat' dir='ltr'><strong>ipsarum</strong></span> 
     </span>
    </p>
   </div>
   <div class='ocr_carea' id='block_1_7' title="bbox 106 3305 1038 3468">
    <p class='ocr_par' dir='ltr' id='par_1_8' title="bbox 106 3305 1038 3468">
     <span class='ocr_line' id='line_1_36' title="bbox 106 3305 985 3388; baseline 0 -27"><span class='ocrx_word' id='word_1_255' title='bbox 106 3309 221 3365; x_wconf 89' lang='lat' dir='ltr'><strong>urbium</strong></span> <span class='ocrx_word' id='word_1_256' title='bbox 236 3325 373 3387; x_wconf 87' lang='lat' dir='ltr'><strong>perpetua</strong></span> <span class='ocrx_word' id='word_1_257' title='bbox 388 3314 642 3388; x_wconf 87' lang='lat' dir='ltr'><strong>dederatnnperia.</strong></span> <span class='ocrx_word' id='word_1_258' title='bbox 657 3314 702 3369; x_wconf 88' lang='lat' dir='ltr'><strong>Sic</strong></span> <span class='ocrx_word' id='word_1_259' title='bbox 714 3312 789 3366; x_wconf 87' lang='lat' dir='ltr'><strong>enim</strong></span> <span class='ocrx_word' id='word_1_260' title='bbox 803 3305 985 3386; x_wconf 69' lang='lat' dir='ltr'><strong>puissuned</strong></span> 
     </span>
     <span class='ocr_line' id='line_1_37' title="bbox 109 3387 1038 3468; baseline 0.002 -27"><span class='ocrx_word' id='word_1_261' title='bbox 109 3387 170 3443; x_wconf 76' lang='lat' dir='ltr'><strong>bine</strong></span> <span class='ocrx_word' id='word_1_262' title='bbox 182 3408 211 3444; x_wconf 88' lang='lat' dir='ltr'><strong>se</strong></span> <span class='ocrx_word' id='word_1_263' title='bbox 224 3394 322 3448; x_wconf 78' lang='lat' dir='ltr'><strong>Graecl</strong></span> <span class='ocrx_word' id='word_1_264' title='bbox 339 3394 436 3468; x_wconf 72' lang='lat' dir='ltr'><strong>lingua</strong></span> <span class='ocrx_word' id='word_1_265' title='bbox 453 3395 613 3468; x_wconf 88' lang='lat' dir='ltr'><strong>loquentes,</strong></span> <span class='ocrx_word' id='word_1_266' title='bbox 638 3391 688 3468; x_wconf 90' lang='lat' dir='ltr'><strong>qui</strong></span> <span class='ocrx_word' id='word_1_267' title='bbox 707 3392 800 3448; x_wconf 76' lang='lat' dir='ltr'><strong>Asiam</strong></span> <span class='ocrx_word' id='word_1_268' title='bbox 825 3387 982 3445; x_wconf 86' lang='lat' dir='ltr'><strong>incolerent</strong></span> <span class='ocrx_word' id='word_1_269' title='bbox 1031 3432 1038 3453; x_wconf 89' lang='grc'>,</span> 
     </span>
    </p>
   </div>
   <div class='ocr_carea' id='block_1_8' title="bbox 0 0 1118 3892">
    <p class='ocr_par' dir='ltr' id='par_1_9' title="bbox 0 0 1118 3892">
     <span class='ocr_line' id='line_1_38' title="bbox 0 0 1118 3892; baseline 0 1"><span class='ocrx_word' id='word_1_270' title='bbox 0 0 1118 3892; x_wconf 95' lang='lat' dir='ltr'><strong> </strong></span> 
     </span>
    </p>
   </div>
  </div>
 </body>
</html>
