2228 3892
436 292 656 343 umrranrs.
975 303 989 354 3

101 387 211 447 subsnd
222 396 399 443 retenturum
410 396 561 461 potestate,
575 386 598 441 si
603 385 698 442 amicis
707 386 762 441 suis
775 385 879 463 oppida
888 384 992 440 tuenda

103 467 260 523 tradidisset
276 467 395 540 quibus,
409 486 437 521 se
457 466 700 541 oppresso,'nulla
722 484 784 538 spes
797 452 891 559 salmis
903 462 996 520 relin-

101 505 292 680 queretur'n
306 547 360 601 hoc
377 545 429 600 init
442 556 501 600 tuin
514 565 634 602 numero
647 543 799 612 Miltiades,
811 532 998 613 cutlllacusv

101 626 178 682 todia
189 646 237 681 cre
260 616 445 691 eretmssllic,
459 644 548 698 quum
563 625 658 681 crebri
670 625 805 680 afferrent
818 623 909 677 nuntii
920 621 993 680 mall

66 775 71 781 ,
100 724 161 762 rem
172 724 272 780 gerere
285 705 402 758 Darium
415 706 563 778 premique
582 705 618 759 ab
630 704 754 779 Scythis,
775 702 913 757 Miltiades
924 701 993 756 hor·

100 795 174 841 tatus
187 797 226 840 est
242 786 335 858 pontis
347 785 560 873 cnstodsQiea
577 785 692 840 sortund
709 785 801 839 datam
818 781 992 836 occasionem

100 862 252 920 liberandae
273 865 387 918 Graeciae
406 864 579 920 dimitterent
595 883 677 919 :nam
687 904 695 931 ,
707 864 730 919 si
742 883 807 918 cum
825 862 868 917 his
887 859 992 936 copiis.

99 961 170 1014 quas
182 962 276 999 secum
292 955 552 1016 transportaverat,
567 943 713 998 interiisset
732 943 848 1007 Darius,
865 959 925 994 non
944 957 993 996 so-

99 1018 159 1076 tum
167 1023 313 1095 Europam
329 1024 390 1077 lore
403 1034 506 1090 tutam,
526 1023 575 1079 scd
588 1023 671 1078 etiarn
684 1043 746 1090 cos,
765 1023 813 1094 qui
834 1020 927 1074 Asiam
947 1017 997 1072 in-

98 1101 225 1156 colerent
237 1104 329 1156 Graeci
342 1121 464 1176 geitere,
478 1103 583 1158 liberos
602 1121 617 1156 a
637 1105 786 1156 Persarum
808 1098 919 1152 futuros
937 1097 992 1152 do·

98 1179 250 1236 minatione
262 1194 288 1236 et
301 1182 444 1254 pericnlo;
457 1192 484 1236 et
495 1182 524 1236 id
534 1180 614 1235 tacite
624 1180 786 1253 efliciposse
799 1198 806 1232 t
820 1188 907 1251 ponte
919 1174 993 1232 enim

97 1259 227 1337 rescisse,
239 1264 347 1332 regeml
363 1262 405 1312 vel
419 1261 542 1320 hostium
554 1259 692 1327 ferro,vel
700 1255 816 1332 inopiid,
827 1255 922 1330 paucis
931 1254 993 1312 dic·

47 1339 49 1343 ’
97 1334 150 1390 hus
161 1335 349 1392 interiturum.
357 1339 408 1412 pAd
424 1339 478 1392 boc
490 1337 639 1392 consilium
657 1357 746 1411 quum
766 1336 895 1410 plerique
911 1351 989 1392 acce·

97 1413 214 1480 derent,
239 1417 365 1472 Histiaeus
384 1417 508 1472 Milesius
534 1436 571 1472 ne
597 1436 642 1472 res
662 1417 852 1472 conficeretur
870 1413 994 1483 obstitit,

96 1492 201 1562 dicens,
225 1514 283 1550 nou
308 1496 380 1548 idem
403 1497 483 1569 ipsis,
502 1497 552 1568 qui
564 1515 685 1551 summas
698 1496 808 1569 imperii
828 1491 991 1563 tenerentlst,

70 1639 73 1644 ι
96 1573 231 1645 expedire
243 1584 268 1629 ct
282 1570 454 1629 multitudini
462 1616 471 1642 ,
485 1576 564 1648 quod
579 1575 659 1630 Darii
671 1594 761 1648 regno
776 1574 903 1647 ipsorum
916 1571 991 1626 nite-

37 1665 39 1669 ·
95 1661 176 1706 retur
189 1651 359 1717 dominati03
376 1673 434 1726 quo
445 1655 595 1730 exstincto,
609 1655 693 1730 ipsos,
702 1664 838 1731 potestate
850 1651 992 1725 expulsos,

96 1729 203 1786 civibus
214 1733 270 1786 suis
291 1753 386 1805 piranis
407 1733 532 1789 daturos.
555 1735 655 1807 Itaque
674 1734 745 1788 adeo
767 1752 795 1788 se
808 1732 992 1786 abhorreret

95 1821 263 1865 caeterorum
281 1812 399 1866 consilio
419 1812 533 1867 uenihit
544 1824 623 1886 putet
635 1813 700 1887 ipsis
713 1811 808 1867 utilius
823 1811 910 1883 quiam
922 1828 991 1864 con-

95 1885 205 1943 firmari
216 1909 338 1963 regnum
355 1894 510 1946 Persarum.
531 1893 624 1963 Hujus
635 1910 726 1964 quum
739 1890 904 1945 sententiam
925 1888 992 1961 plu-

96 1965 161 2021 rimi
172 1981 262 2022 essent
280 1969 379 2034 secuti,
400 1970 556 2036 Miltiades,
574 1989 634 2024 non
655 1969 801 2035 dubitans,
825 1979 880 2021 tam
899 1967 993 2022 multis

69 2074 81 2105 i·
94 2046 227 2114 consciis,
239 2046 273 2099 ad
289 2047 361 2119 regis
372 2066 454 2102 aures
468 2048 586 2102 consilia
598 2068 647 2103 sua
660 2059 851 2121 perventura,
865 2045 991 2100 Cherso-

81 2142 194 2201 pnesum
203 2127 331 2198 reliquit,
344 2146 479 2182 acrursus
487 2127 793 2200 Atbenasdemigravit.
801 2124 887 2196 Cujus
895 2123 992 2180 ratio⁴¹

60 2208 86 2250 Α
95 2204 219 2260 elsinon
240 2205 342 2270 valuit,
361 2218 452 2260 tanuen
472 2226 647 2281 magnopere
669 2219 709 2262 est
729 2206 885 2270 laudanda,
905 2221 993 2275 quum

95 2281 213 2339 amicior
227 2285 356 2340 omnium
369 2287 492 2340 libertati
507 2287 595 2359 quam
612 2305 668 2342 suae
677 2286 763 2340 luerit
775 2282 971 2338 dominationi.

96 2444 139 2493 W·
153 2444 228 2495 Dato
240 2461 296 2511 rege
307 2463 332 2495 ua
342 2449 437 2496 Graecos
448 2445 538 2493 bellum
550 2453 659 2498 movente
670 2480 674 2486 .
691 2451 772 2492 auctor
779 2441 826 2489 suis
834 2449 869 2488 est
876 2437 996 2488 Miltiades

248 2554 257 2567 .
283 2516 323 2566 ι’·
404 2524 430 2563 ut
444 2513 538 2563 obviam
549 2512 612 2562 boati
620 2520 686 2562 cant.

269 2628 284 2650 Α

134 2662 245 2716 Damus
260 2674 367 2725 atatem,
381 2679 470 2733 quum
489 2680 525 2718 ex
542 2662 660 2738 Europd
675 2661 704 2717 in
716 2661 810 2718 Asiam
831 2660 993 2735 rediissct¹²,

97 2739 278 2815 hortantibus
290 2743 385 2795 astantis
399 2753 428 2794 ut
442 2742 581 2797 Graeciam
591 2743 744 2817 ¹redigeret
762 2742 789 2797 in
804 2762 883 2797 suam
897 2753 993 2816 potes-

96 2829 196 2887 tatem,
209 2820 323 2874 classem
339 2823 559 2892 quingentarum
570 2822 686 2876 navium
698 2821 891 2896 comparavit,
910 2822 992 2895 eique

95 2898 190 2954 Datim
199 2898 323 2972 praefecit
333 2911 359 2952 et
371 2904 436 2954 Arta
442 2900 616 2974 phernemll,
624 2901 723 2975 hisque
735 2903 857 2958 ducenta
867 2901 992 2975 peditum

95 2977 182 3032 millia
196 2979 324 3034 etdeactn
332 2980 457 3049 ‹eqiiitum
465 2981 554 3049 dedit,
562 3001 676 3037 causam
688 2980 917 3038 interset·ens¹⁴se
926 2980 992 3036 bos·

96 3068 151 3112 tem
163 3076 221 3112 csse
236 3059 465 3126 Atheniensibus,
476 3061 555 3133 quod
567 3080 670 3117 eorum
680 3062 785 3116 auxilio
799 3063 882 3116 lones
891 3060 992 3115 Sardus

96 3139 315 3211 expugnassent,
329 3160 435 3211 starique
449 3139 578 3214 praesidia
588 3140 798 3196 interfecissent.
813 3142 857 3195 llli
869 3137 990 3213 praefecti

96 3215 178 3289 regii,
189 3217 273 3272 classe
286 3220 319 3272 ad
333 3220 467 3275 liuboeam
479 3222 607 3294 appulsa,
620 3221 748 3276 celeriter
760 3214 928 3276 E1·etrinn¹⁵
939 3235 988 3272 ce—

96 3305 215 3369 perant,
226 3316 380 3371 onmesqne
393 3300 451 3370 ejus
466 3301 555 3374 gentis
566 3300 639 3359 cives
653 3301 786 3373 abreptos
804 3300 831 3350 iu
846 3295 940 3352 Asiam
954 3297 990 3351 ad

9 3422 12 3431 .
94 3390 190 3444 regem
203 3375 348 3433 miserunt
363 3379 480 3435 ludead
491 3379 610 3436 Atticam
623 3388 853 3444 accesserunt,ac
865 3395 927 3433 suas
941 3390 989 3430 co·-
