2228 3892
109 291 144 342 70
370 283 558 332 nonnanis
575 281 741 332 unrorrs
840 272 844 276 ’

108 375 624 454 salutem,querebantqnihusamicis
630 374 726 434 esset³⁴
736 395 850 449 usurus;
857 393 921 439 seso
933 380 1013 445 enim

108 480 173 518 eum
185 462 312 516 Eumene
326 457 404 531 apud
416 475 482 512 eum
495 476 556 512 non
568 456 681 513 futuros
693 476 699 512 :
710 455 773 525 hic,
783 456 898 532 cogniti
908 461 1013 518 consi-

107 541 138 595 lii
149 540 311 606 voluntate,
320 547 414 592 tamen
426 555 517 610 usque
530 536 567 592 ad
580 536 731 610 septimum
741 535 817 591 diem
828 536 1013 599 deliberandi

107 619 160 675 sibi
169 618 291 693 spatium
298 616 423 690 reliquit.
436 618 511 672 Tum
518 627 625 685 autem,
635 635 725 689 quum
739 627 889 673 vereretur
897 616 961 690 jam
971 639 1014 680 ne

107 717 163 771 qua
171 697 270 754 seditio
278 695 559 766 exereitdsoriretur,
567 695 656 751 vetuit
665 697 1013 770 adeumquemqnnmd.

107 776 194 845 mitti,
207 787 235 833 et
247 777 445 850 quotidianum
457 777 563 833 vietum
573 775 701 832 amoveri
715 775 817 848 jussit:
831 795 899 832 nam
914 796 1010 855 nega-

106 856 155 912 bat
173 875 201 913 se
219 856 245 912 ei
264 857 323 914 vim
341 857 495 912 allaturum
522 856 572 930 qui
592 855 747 929 aliquando
770 853 867 911 fuisset
888 857 1009 917 amicus.
1061 854 1065 859 ’

105 935 160 993 Hic
178 946 272 992 tamen
292 955 353 991 non
372 937 493 1011 ampliirs
513 934 601 1009 quiam
620 935 749 991 triduum
767 934 841 990 same
856 933 996 1010 fatigatos

105 1034 195 1089 quum
214 1027 304 1072 castra
325 1026 524 1086 moverentur,
538 1014 672 1071 insciente
686 1014 846 1089 Antigono,
856 1014 1010 1092 jugulatus

105 1107 145 1151 est
160 1116 176 1151 a
189 1096 362 1152 custodibus.

105 1247 177 1295 ¹111.
192 1249 297 1296 Eumene
310 1246 379 1313 rivo,
399 1262 469 1296 nemo
480 1247 566 1366 dpeups
575 1244 638 1311 regis
647 1261 735 1296 nomeu
753 1244 859 1313 sumpsit.
871 1249 1008 1299 Honestum
1032 1246 1035 1250 ’

482 1333 531 1382 ejus
554 1333 623 1367 unus.

33 1512 35 1517 ¹
144 1449 192 1506 Sir
207 1452 348 1508 Eumenes
357 1469 502 1507 annorum
521 1449 649 1524 quinque
660 1459 688 1505 et
700 1447 902 1525 quadraginta,
912 1467 1008 1523 quum

103 1529 139 1583 ab
157 1550 233 1587 ranno
255 1531 388 1588 vicesimo
406 1529 457 1609 (ut
478 1530 565 1607 supra
580 1527 774 1607 ostendimus)
788 1540 894 1603 septem
913 1548 1009 1586 annos

103 1609 237 1682 Philippo
255 1609 471 1683 apparuisset³⁴,
491 1621 518 1665 et
543 1609 678 1666 tredecim
703 1610 780 1684 apud
805 1607 1009 1665 Alexandrum

105 1688 236 1743 eumdem
253 1689 349 1743 locum
365 1687 547 1756 obtinuisset3
561 1689 590 1745 in
603 1689 647 1743 his
659 1691 711 1744 uni
724 1688 852 1761 equitum
864 1688 914 1743 alae
926 1707 1009 1763 prae-

105 1763 214 1833 fuissem
226 1778 291 1841 post
303 1778 397 1822 alitem
408 1766 566 1822 Alexandri
581 1768 680 1841 Magni
691 1779 814 1823 mortem
826 1807 834 1836 ,
847 1767 1008 1841 imperator

106 1843 245 1899 exercitus
256 1842 399 1912 duxisset,
413 1861 595 1917 summosque
612 1843 699 1900 duces
715 1843 820 1919 partim
841 1843 1009 1920 repulisset,

104 1924 209 1996 partim
229 1923 428 1993 interfecisset3
448 1934 547 1999 captus
565 1941 625 1978 non
649 1923 788 1998 Antigoni
807 1924 932 1991 virtute,
954 1927 1009 1984 sed

105 2004 298 2058 Macedonum
317 2003 462 2076 perjurio,
480 2005 565 2058 talem
577 2003 677 2058 habuit
689 2006 796 2059 exitum
807 2003 879 2058 vitae.
896 2003 931 2057 In
944 2021 1007 2078 quo

105 2089 211 2149 quanta
219 2079 304 2133 suerit
310 2079 437 2134 omnium
450 2080 550 2150 opinio
560 2097 662 2133 eorum
674 2082 723 2150 qui
734 2092 799 2152 post
805 2080 1008 2140 Alexandrum

104 2157 243 2229 Magnum
254 2172 334 2227 reges
344 2166 410 2210 sunt
421 2154 564 2228 appellati,
572 2154 668 2208 exhoc
679 2156 809 2210 facillime
819 2167 911 2228 potest
920 2157 1006 2227 judi-

104 2235 179 2303 cari,
192 2233 271 2308 quod
281 2250 382 2301 nemo,
394 2233 521 2288 Eumene
534 2233 615 2303 vivo,
630 2251 681 2287 rex
698 2233 856 2307 appellatus
874 2245 927 2302 est,
952 2239 1005 2294 sed

103 2314 261 2389 praefectus.
266 2311 364 2379 iidem,
376 2323 439 2386 post
451 2311 537 2384 hujus
549 2330 687 2381 oceasum,
700 2313 791 2368 statim
798 2313 908 2389 regium
916 2333 1003 2372 orna-

105 2404 165 2450 tum
176 2409 340 2464 nomenque
360 2402 556 2466 sumpserunt3
576 2409 685 2465 neque,
701 2393 781 2465 quod
800 2393 880 2448 initio
896 2395 1003 2467 praedi-

104 2476 217 2538 cerent,
229 2489 258 2526 se
270 2471 427 2528 Alexandri
439 2471 537 2527 liberis
548 2491 670 2548 regnum
682 2491 811 2540 servare,
824 2472 854 2527 id
865 2483 1003 2546 praesmre

105 2550 271 2617 voluerunt,
284 2560 329 2615 et,
342 2569 402 2604 uno
414 2564 631 2625 propugnatore
643 2553 768 2620 sublato,
782 2553 852 2626 qnid
864 2552 1002 2609 sentirent

103 2640 286 2702 aperuerunt.
296 2629 388 2702 Hujus
397 2629 536 2685 sceleris³⁵
544 2631 689 2706 principes
701 2632 818 2688 fuerunt
828 2632 1000 2705 Antigonus,
1026 2652 1030 2661 ·

102 2707 281 2776 Ptolemaeus,
295 2710 444 2778 Seleucus,
456 2709 652 2784 Lysimachus,
663 2711 828 2765 Cassander.
840 2709 1000 2782 Antigonus

102 2798 196 2844 autem
210 2789 369 2844 Eumenem
381 2800 528 2845 mortuum
546 2788 717 2864 propinquis
729 2789 789 2859 ejus
804 2787 999 2862 sepeliendum

103 2868 228 2925 tradidit.
241 2868 278 2923 Hi
291 2869 407 2924 militari
418 2870 539 2926 honesto
554 2869 668 2938 funere,
681 2867 832 2924 comitante
846 2876 907 2922 toto
919 2884 999 2921 exer-

103 2946 174 3013 citu,
189 2948 393 3016 humaverunt,
406 2967 524 3021 ossaque
541 2948 602 3022 ejus
618 2950 648 3006 in
662 2947 871 3023 Cappadociam
885 2945 921 3001 ad
933 2964 998 3001 ma-

103 3037 174 3082 trem
183 3039 267 3101 atque
280 3047 400 3087 uxorem
413 3028 577 3103 liberosque
589 3030 649 3104 ejus
660 3028 839 3105 deportanda
850 3027 997 3085 curArunt.
