2228 3892
101 288 133 335 40
354 265 543 314 conuuun
562 267 728 315 aurosus

98 362 145 416 eui
157 379 278 416 suorum
293 359 438 432 negotium
457 359 553 427 daret,
565 358 616 432 qui
633 378 662 414 se
680 360 825 416 simularet
838 362 880 417 illi
895 362 993 419 inimi-

98 458 179 508 cum;
194 458 278 513 quem
292 438 316 492 si
326 437 477 492 invenisset
489 438 638 506 idoneum,
651 437 731 494 facille
744 441 873 495 omnium
886 442 993 500 animos

98 518 281 594 cogniturum
288 558 296 586 ‚
316 516 549 590 adversariosque
569 517 765 586 sublaturum,
786 519 866 592 quod
889 520 994 578 inimici

98 597 158 668 ejus
170 596 314 651 dissidenti
329 615 394 651 suos
406 615 501 651 sensus
517 597 643 670 aperturi
661 596 785 652 forent.»
797 598 861 652 Tali
872 600 992 656 consilio

97 675 236 749 probato,
251 675 356 748 excipit
368 675 419 729 has
440 675 534 748 partes
551 675 611 749 ipse
624 676 798 744 Callicrates,
811 688 839 732 et
856 695 885 732 se
902 691 993 733 armat

98 753 290 827 imprudentia
307 754 415 809 Dionis.
434 755 479 809 Ad
494 773 559 809 eum
575 754 802 810 interficiendum
818 755 908 811 socios
920 776 992 812 con-

92 832 201 905 quirin
213 833 390 889 adversarios
406 832 467 904 ejus
480 834 626 902 convenit,
641 834 868 905 conjurationem
881 834 990 890 coufir-

97 922 162 966 mat.
174 914 239 980 Res,
251 913 346 967 multis
360 912 476 967 consciis
491 931 553 984 quae
569 923 729 984 gereretur,
745 913 851 982 elata22,
865 913 992 970 defertur

98 991 135 1044 ad
148 990 378 1056 Aristomachen,
395 1009 525 1046 sororem
544 990 659 1061 Dionis,
682 1010 859 1064 uxoremque
875 995 990 1049 Areten.

9 1081 11 1086 '
97 1069 170 1139 Illae,
185 1070 287 1126 timore
298 1071 464 1144 perterritae,
477 1068 760 1142 conveniunt2³cujus
773 1071 808 1125 de
816 1070 946 1144 periculo
958 1073 990 1126 ti-

96 1149 219 1204 mebant.
233 1153 270 1205 At
285 1149 333 1204 ille
347 1160 430 1223 negat
447 1169 463 1203 a
477 1149 624 1203 Callicrate
642 1147 705 1203 fieri
723 1149 776 1203 sibi
794 1149 921 1216 insidias,
941 1151 990 1206 sed

95 1226 160 1294 illa,
180 1246 243 1299 quae
259 1241 425 1302 agerentur,
444 1227 507 1283 fieri
521 1238 665 1301 praecepto
677 1247 738 1282 suo.
753 1228 889 1282 Mulieres
899 1228 989 1284 nihilo
1007 1271 1011 1275 «

95 1306 184 1362 secius
199 1307 375 1361 Callicratem
390 1307 419 1359 iu
431 1307 520 1361 aedem
535 1307 714 1380 Proserpinae
725 1307 883 1374 deducunt,
896 1325 927 1362 ac
936 1307 988 1378 ju·

95 1401 160 1439 rare
177 1395 284 1458 cogunt
306 1384 379 1438 nihil
404 1383 506 1438 abillo
529 1383 649 1457 periculi
671 1385 733 1439 fore
752 1386 847 1440 Dioni.
869 1386 921 1440 Ille
939 1387 990 1442 hac

94 1462 232 1537 religione
251 1482 312 1518 non
334 1463 423 1520 modo
444 1463 480 1518 ab
498 1464 610 1536 incepto
631 1481 692 1517 non
711 1463 877 1533 deterritus,
892 1465 941 1519 sed
955 1466 990 1520 ad

95 1543 298 1598 maturandum
319 1542 474 1599 concitatus
493 1552 549 1608 est,
565 1560 668 1596 verens
686 1561 722 1596 ne
742 1542 822 1620 priits
841 1543 990 1599 consilium

49 1639 50 1642 ’
94 1638 176 1676 suum
188 1621 349 1696 aperiretur
360 1621 447 1693 quam
460 1633 561 1676 conata
573 1619 740 1694 perfecisset

304 1777 350 1821 tx.
371 1771 433 1820 Dion
445 1771 507 1820 domi
522 1770 560 1820 die
572 1770 631 1820 festo
644 1772 764 1821 occiditur.

132 1933 195 1989 Hac
213 1941 324 2000 mente,
337 1930 471 2006 proximo
490 1931 536 1987 die
549 1930 635 1999 festo,
651 1950 741 2003 quum
756 1950 773 1986 a
785 1943 928 1988 conventu
942 1953 990 1988 re-

94 2024 204 2068 motum
215 2030 243 2066 se
255 2011 333 2066 Dion
346 2011 424 2066 domi
437 2022 545 2068 teneret
551 2023 654 2083 ,atque
666 2010 696 2064 iu
709 2011 838 2066 conclavi
852 2012 928 2068 edito
941 2032 989 2069 re-

57 2134 60 2140 .
93 2090 242 2158 cubuisset,
259 2090 378 2145 consciis
400 2091 463 2144 loca
485 2089 638 2142 munitiora
653 2090 753 2159 oppidi
765 2091 859 2159 tradit,
872 2093 988 2146 domum

93 2167 257 2223 custodibus
280 2168 366 2242 sepit,
395 2166 540 2223 aforibus
555 2163 605 2236 qui
629 2183 689 2217 non
715 2165 872 2234 discedant,
897 2181 988 2225 certos

94 2245 218 2319 praeficit
227 2248 334 2302 Navem
349 2246 493 2302 triremem
502 2241 615 2296 armans
627 2243 736 2296 oruat²⁴
738 2244 987 2320 ‚Philostratoque

92 2323 176 2381 fratri
191 2345 243 2381 suo
266 2326 365 2392 tradit,
386 2340 504 2392 eamque
526 2320 662 2410 inportu
684 2322 782 2394 agitari
799 2322 896 2393 jubet,
910 2337 943 2379 ut
965 2326 986 2381 si

94 2422 225 2460 exercere
242 2404 361 2476 remiges
374 2400 470 2467 vellet,
483 2398 621 2472 cogitans,
635 2417 658 2452 s1
650 2398 746 2454 sorte
760 2401 882 2456 consiliis
897 2403 985 2457 obsti-

93 2481 169 2539 tisset
181 2483 305 2547 fortuna,
318 2490 349 2533 ut
355 2478 474 2533 haberet
485 2477 661 2552 qubfugeret
672 2479 708 2533 ad
720 2479 845 2534 salutem.
861 2481 985 2536 Suorum

93 2573 186 2616 autem
198 2579 213 2614 e
224 2575 345 2612 numero
353 2557 547 2630 Zacynthios²5
559 2558 892 2632 adolescentesquosdam
901 2559 985 2635 eligit,

93 2654 183 2710 quum
194 2635 405 2702 audacissimos,
418 2646 478 2689 tum
490 2636 598 2689 viribus
609 2639 749 2705 maximis,
763 2639 864 2710 hisque
875 2639 923 2694 dat
933 2658 985 2695 ne·

93 2715 202 2788 gotium
215 2725 248 2769 ut
265 2715 300 2769 ad
313 2716 435 2770 Dionem
448 2725 512 2770 eant
532 2714 669 2780 inermes,
685 2716 721 2769 sic
741 2717 782 2769 uti
797 2717 984 2772 conveniendi

93 2793 182 2866 gratia
195 2794 361 2850 viderentur
374 2795 479 2850 venire.
493 2794 530 2849 Hi
543 2804 664 2868 propter
677 2792 805 2848 notitiam
817 2806 883 2849 sunt
895 2794 985 2850 intro-

94 2873 175 2927 missi.
188 2876 226 2929 Aa
241 2872 298 2941 illi,
310 2885 342 2928 ut
353 2874 439 2928 limen
452 2874 512 2945 ejus
530 2873 690 2942 intrlrunt,
708 2872 819 2935 foribus
833 2873 983 2942 obseratis,

92 2949 122 3004 in
134 2951 207 3006 lecto
220 2953 370 3008 cubantem
382 2952 532 3021 invadunt,
549 2953 697 3026 colligant:
711 2952 743 3007 fn
754 2953 899 3026 strepitus,
912 2953 983 3008 adeb

93 3039 125 3084 ut
136 3031 267 3086 exaudiri
281 3043 375 3105 posset
386 3031 462 3087 soris.
479 3032 548 3099 Hic,
564 3031 635 3085 sicut
650 3033 714 3089 ante
726 3052 799 3106 saepe
811 3031 986 3120 dictumest,

92 3107 179 3181 quam
191 3109 279 3166 invisa
291 3112 326 3167 sit
336 3111 486 3185 singularis
495 3110 629 3185 potentia,
644 3121 672 3165 et
681 3111 838 3165 miseranda
853 3111 908 3166 vita
914 3109 986 3186 ,qui

95 3206 122 3242 se
135 3191 223 3246 ructui
232 3188 319 3265 qulam
332 3187 985 3261 (stricari1121111112226,cuivisfacileintellectufuit⁴

91 3266 118 3276 ’
217 3269 292 3327 illi
284 3289 338 3346 rps1
330 3270 490 3339 custodes,
506 3289 529 3324 sa
521 3268 663 3344 propitia
676 3268 792 3324 fuissent
802 3267 984 3337 voluntate¹¹,

269 3350 336 3408 actis
353 3368 467 3408 servare
484 3377 549 3416 eum
560 3353 733 3426 potuissent,
751 3350 832 3425 quod
848 3347 910 3402 illi
903 3366 983 3404 mer·
