2228 3892
430 303 672 352 rmormms.
957 315 991 370 tt

170 427 215 472 tv.
226 419 349 471 Timothei
360 419 424 470 filius
437 437 516 470 minos
527 420 624 470 reticem
633 419 734 485 sugitur.
749 420 819 471 Fides
827 422 928 472 taron'u.
977 446 985 456 κ

139 552 231 614 Huius
242 559 306 625 post
321 559 459 616 mortem,
469 567 561 622 quum
577 549 718 624 populum
729 548 829 621 judieii
843 550 888 606 sui
897 551 983 625 poeui-

101 640 181 699 teret,
191 629 303 686 mulctae
313 645 416 682 novem
428 639 521 702 partes
530 626 661 694 detraxit,
673 639 701 682 et
710 628 809 683 decem
819 629 924 684 talenta
933 629 992 685 Cu-

90 727 226 776 ⁴nonem,
241 706 330 763 filium
345 706 425 776 ejus,
438 706 474 760 ad
489 705 563 760 muri
577 705 728 778 quamdam
740 718 849 780 partem
859 706 992 765 reficien-

97 788 179 855 Aam,
190 786 271 859 jussit
279 785 356 840 duro„
368 786 400 838 ln
411 802 471 856 quo
479 783 601 840 fortuna
610 784 729 840 varietas
736 796 776 841 est
786 786 991 843 animadverm:

99 884 180 935 uam,
192 883 267 937 quos
278 881 346 918 avus
362 863 464 917 Conon
482 881 580 919 muros
591 881 627 919 ex
642 863 770 920 hostium
786 865 882 938 praedat
895 867 993 939 patria

100 944 267 1009 restituerat,
278 942 391 997 eosdem
403 960 500 1016 nepos,
513 961 577 998 esna
589 942 698 999 summh
710 943 863 1016 ignominia
873 943 992 1012 familiae,

98 1041 134 1078 ex
150 1023 200 1078 sua
217 1040 249 1077 re
266 1021 396 1076 familiari
414 1020 532 1077 reficere
545 1032 660 1078 concurs
676 1032 726 1076 est.
736 1021 883 1076 Timothei
898 1034 992 1078 autam

99 1101 249 1158 moderatae
258 1101 445 1173 sapientisque
454 1098 516 1154 vitae
524 1120 613 1173 quum
622 1100 759 1172 pleraque
771 1099 909 1172 possimus
921 1117 991 1172 pro-

99 1179 172 1235 ferre
184 1179 357 1247 testimonia,
375 1198 434 1232 uno
446 1178 551 1234 erimus
563 1177 705 1247 contenti,
719 1178 798 1250 quod
815 1196 849 1232 ex
866 1196 901 1232 eo
912 1177 993 1236 facil&

98 1258 199 1329 conjici
212 1257 318 1330 poterit
329 1257 415 1328 quam
427 1274 510 1309 curus
522 1255 578 1310 suis
588 1254 681 1310 fuerit.
691 1258 787 1325 Quum
799 1256 916 1312 Athenis
924 1257 993 1312 ado-

98 1336 266 1392 lesceutulus
278 1353 387 1390 causum
398 1331 539 1404 diceretffi,
552 1353 611 1389 non
624 1334 717 1390 solium
738 1334 819 1390 amici
832 1335 992 1409 privatique

98 1413 222 1488 hospites
234 1413 271 1467 ad
283 1432 349 1467 eum
360 1411 570 1469 defendendum
581 1425 791 1482 convenerunt,
806 1415 855 1470 sed
867 1414 949 1470 etiam
962 1415 992 1471 iu

95 1489 407 1564 eutasoutyrannusw,
420 1490 528 1562 quiillo
541 1502 668 1564 tempore
682 1491 735 1546 suit
748 1493 876 1551 omnium
888 1503 992 1566 poten-
1078 1543 1079 1548 ,

98 1572 224 1627 tissimus.
238 1571 289 1626 Hic
302 1589 391 1643 quum
405 1569 433 1623 in
445 1569 536 1642 patriai
549 1569 608 1625 sine
620 1569 784 1624 satellitibus
790 1589 819 1625 se
829 1582 922 1625 tutum
933 1589 993 1626 non

47 1668 52 1674 ’
98 1650 301 1715 arbitraretur,
312 1649 439 1704 Athenas
456 1647 518 1704 siue
533 1648 593 1703 ullo
612 1648 743 1722 prasidio
756 1650 847 1717 venit3
867 1649 993 1722 tantique

98 1728 237 1802 hospitem
252 1728 315 1784 fecit
329 1740 360 1782 ut
374 1726 470 1782 mullet
484 1745 513 1782 se
526 1727 623 1801 capitis
635 1727 796 1801 perieulum
813 1727 892 1784 adire
951 1727 956 1744 ⁸

100 1807 261 1874 Timothe0‚
276 1808 311 1862 de
324 1806 397 1862 santa
406 1805 489 1862 dimic
541 1807 547 1818 '
569 1805 791 1863 deesse¹⁸.Hunc
803 1746 992 1906 fig}

98 1905 163 1942 meu
176 1887 342 1941 Timotheus
357 1897 466 1958 postea,
480 1904 518 1958 po
595 1884 690 1954 jussu,
705 1885 811 1940 bellum
828 1885 926 1957 gessit,
940 1904 993 1957 pa-

98 1966 214 2037 uiaeque
232 1965 371 2019 sanctiora
392 1963 458 2033 jura
480 1963 568 2034 quiam
593 1962 708 2034 hospitii
730 1964 898 2017 esseiluxit.
928 1963 992 2019 Haec

98 2053 223 2098 extrema
233 2043 286 2096 fuit
297 2053 361 2097 aetas
373 2040 578 2114 imperatorum
589 2040 819 2107 Atheniensium,
831 2039 992 2114 Iphicratis,

97 2121 244 2189 Chabriae,
258 2120 417 2186 Timothei3
429 2138 538 2192 raeque,
556 2130 621 2193 post
636 2119 755 2175 illorum
774 2119 898 2189 obitum,
911 2121 991 2194 quis-
1024 2184 1028 2189 ,

98 2219 184 2273 quam
197 2200 257 2258 dux
271 2200 299 2254 in
315 2199 362 2254 itta
377 2200 448 2255 urhe
462 2198 515 2256 fuit
525 2198 630 2272 dignus
643 2187 790 2292 memff.

100 2361 460 2380 mmuunxmmm
464 2361 568 2378 nunu
572 2362 736 2379 “masnatsae
741 2362 948 2381 &suumn-uuus
952 2364 967 2380 *b
973 2364 992 2380 ἱ,

413 2431 667 2530 ornum.

99 2617 158 2665 car.
174 2618 193 2662 Ι.
207 2617 329 2668 Datames,
349 2609 503 2659 harbarorum
521 2577 659 2660 dirissimus
669 2647 676 2672 ,
687 2609 751 2659 hello
764 2611 897 2662 Artaxerxis
911 2621 992 2667 eontra

175 2680 286 2734 &duria
295 2689 418 2749 paternum
429 2680 587 2747 proviuoiam,
597 2680 686 2731 Ciliciae
697 2690 800 2749 partem,
811 2682 904 2732 meruit.

138 2842 232 2898 Varro
245 2855 322 2892 nunc
339 2836 375 2891 ad
391 2834 572 2889 fortissimum
589 2835 684 2889 virum
700 2835 871 2908 maximique
882 2835 991 2890 consilii

99 2918 227 2974 omnium
246 2915 453 2981 barbarorum,
473 2907 595 2986 exeeptis
616 2914 729 2969 duobus
748 2912 990 2986 Carthaginiensi·

99 2995 160 3064 bus,
168 2996 309 3053 Amiicnre
322 3004 348 3047 et
361 2992 516 3060 Annibale3
528 2993 564 3048 de
577 3011 636 3065 quo
647 2989 713 3048 hhe¹
729 2993 813 3065 plura
828 2991 990 3060 referemus,

100 3069 178 3147 quhd
190 3084 218 3128 et
231 3071 482 3127 obscuriora²sunt
500 3070 560 3144 ejus
573 3082 648 3146 gesta
661 3071 813 3144 pleraque,
825 3082 852 3126 et
867 3090 914 3139 ea,
929 3089 991 3143 quae

100 3150 237 3227 prospere
252 3151 277 3206 ei
296 3162 452 3219 cesserunt,
465 3169 525 3205 non
545 3148 739 3223 magnitudine
759 3150 924 3224 copiarum,
943 3148 991 3203 sed

88 3231 221 3299 eomiiii,
239 3249 299 3306 quo
314 3231 423 3286 tantum
439 3229 620 3284 n0n²omues
637 3228 803 3302 superabat,
818 3227 989 3282 acciderunt.

99 3312 231 3379 Quorum
241 3309 296 3366 nisi
307 3309 379 3366 ratio
389 3308 529 3382 explicata
538 3306 639 3375 suerit,
652 3324 698 3363 res
709 3325 847 3380 apparere
862 3325 923 3362 non
933 3325 990 3381 po·

100 3399 201 3444 terunt.
226 3390 373 3455 Datames,
385 3399 466 3446 outre
484 3387 638 3444 (aimissare
658 3386 772 3442 natione
793 3385 880 3450 Care,
901 3399 991 3447 matre
