2228 3892
461 327 640 377 PHOCION.
972 329 1005 379 dl

107 426 176 482 lude
189 425 314 498 judicio,
333 424 464 499 legitimis
476 422 646 496 quibusdam
662 419 824 489 confectis9,
844 423 1006 490 damnatus,

106 505 223 561 traditus
248 516 290 560 est
311 499 534 570 undecimviris9,
549 502 653 575 quibus
671 503 708 556 ad
721 501 906 575 supplicium,
924 519 1007 555 more

105 584 333 653 Atheniensium,
348 583 463 657 publice
478 580 628 637 damnati¹⁰
642 580 717 636 tradi
730 581 830 635 solent.
847 581 901 636 Hic
916 598 1006 652 quum

105 663 141 720 ad
155 675 278 718 mortem
295 663 464 730 duceretur,
485 661 587 716 obvius
601 660 626 715 ei
638 660 691 714 fuit
701 658 929 734 Emphyletusss,
946 677 1007 732 quo

104 741 281 798 familiariter
304 740 397 795 fuerat
418 758 494 794 usus.
516 740 544 794 Is
556 756 646 811 quum
667 738 826 812 lacrymans
846 739 979 795 dixisset:
993 764 1005 789 a

104 820 231 892 Oquam
248 819 364 892 indigna
390 818 561 892 perpeteris,
581 817 725 872 Phocion!
750 841 762 867 υ
781 817 850 872 huic
869 818 933 873 illc:
947 819 1006 872 riht

104 918 165 953 non
177 897 337 972 inopinata,
350 897 456 970 inquit:
470 897 548 954 hunc
558 897 633 952 enim
644 896 775 971 plerique
788 897 858 952 clari
877 897 935 952 viri
950 898 1006 950 ha-

104 976 230 1033 buerunt
249 977 441 1033 Athenienses.
461 1001 473 1028 r
490 978 524 1032 In
545 977 601 1032 hoc
621 987 731 1031 tantum
750 975 804 1030 fuit
816 975 914 1031 odium
926 975 1005 1030 mul-

105 1056 230 1111 titudinis
249 1067 282 1112 ut
304 1075 389 1112 nemo
403 1076 486 1112 ausus
507 1057 542 1112 sit
561 1075 627 1112 eum
644 1055 717 1110 liber
731 1053 866 1128 sepelire:
883 1054 1003 1127 itaquea

103 1135 189 1190 servis
201 1137 326 1210 sepultus
339 1148 387 1191 est.

405 1345 700 1417 TIMOLEON.

129 1521 189 1567 Cir.
210 1521 231 1566 1.
251 1517 392 1579 Timoleon,
407 1517 483 1583 patrii
495 1516 608 1576 liberati,
621 1515 718 1564 tratrem
730 1510 823 1566 sustulit
837 1526 972 1581 tyranuum.

143 1654 311 1722 Truorror,
332 1653 505 1708 Corinthius.
521 1651 587 1708 Sine
607 1653 696 1708 dubio
716 1672 849 1727 magnus,
875 1653 1005 1707 omnium

104 1732 224 1806 judicio,
242 1734 288 1788 hic
304 1732 350 1787 vir
369 1733 473 1788 exstitit
485 1751 626 1806 :namque
645 1732 713 1787 huie
731 1733 783 1788 uni
794 1731 912 1805 contigit
924 1733 1004 1804 quod

105 1812 200 1868 neseio
215 1831 251 1867 an
263 1812 331 1880 ulli,
348 1823 380 1866 ut
394 1811 529 1885 patriam,
549 1813 578 1866 in
592 1813 719 1884 quierat
730 1823 825 1880 natus,
839 1830 1003 1885 oppressam

104 1902 254 1964 atyranno
268 1892 423 1958 liberaret,
444 1903 471 1945 et
492 1911 508 1944 a
527 1891 684 1965 Syracusis,
697 1891 800 1963 quibus
822 1891 928 1944 auxilio
943 1900 1005 1946 erat

104 1969 217 2035 missus,
230 1969 416 2023 inveteratam
436 1969 600 2023 servitutem
609 1968 786 2043 depelleret,
799 1980 945 2043 totamque
957 1969 1003 2026 si-

104 2047 211 2115 ciliam,
226 2049 331 2102 multos
345 2065 435 2102 annos
453 2046 530 2102 bello
543 2058 684 2116 vexatam,
701 2067 718 2104 a
735 2048 931 2123 barbarisque¹
948 2068 1004 2123 op·
1054 2092 1055 2099 κ

103 2145 241 2200 pressam,
253 2145 305 2182 suo
314 2128 437 2182 adventu
450 2126 479 2182 in
491 2125 654 2202 pristinum¹
669 2127 837 2185 restitueret.
850 2129 906 2185 Sed
917 2129 945 2183 in
958 2129 1005 2185 his

104 2206 190 2261 rebus
202 2225 262 2260 non
279 2207 399 2280 simplici
417 2206 533 2263 fortune
551 2204 730 2264 conflictatus
749 2219 802 2277 est,
817 2220 857 2274 et,
876 2209 906 2264 id
923 2208 1004 2280 quod

105 2283 246 2341 difficilius
259 2297 392 2358 putatur,
405 2285 496 2340 multo
511 2286 663 2360 sapientius
675 2287 739 2341 tulit
750 2287 903 2341 secundam
915 2285 1003 2359 quem

104 2364 249 2420 adversam
263 2364 417 2419 fortunam.
428 2367 508 2433 Nam,
521 2384 612 2438 quum
623 2366 712 2420 frater
719 2365 780 2435 ejus
792 2365 1002 2437 Timophanes,

107 2443 163 2498 dux
175 2464 192 2498 a
204 2443 359 2499 Corinthiis
373 2444 514 2510 delectus,
525 2443 704 2517 tyrannidem
716 2461 769 2516 per
781 2442 882 2498 milites
893 2462 1003 2499 merce·

107 2523 200 2577 uarios
212 2525 384 2595 occupasset,
394 2521 591 2595 particepsque
603 2522 685 2596 regni
694 2522 800 2595 posset2
813 2541 879 2591 esse,
892 2525 1003 2579 tantum

105 2600 196 2655 abluit
215 2620 231 2654 a
250 2602 381 2656 societate
396 2600 508 2656 sceleris
526 2611 559 2656 ut
574 2601 738 2656 antetulerit
755 2620 874 2657 suorum
897 2601 1001 2658 civium

105 2679 265 2736 libertatem
276 2679 372 2735 fratris
388 2679 485 2746 saluti,
502 2690 529 2734 et
543 2681 642 2754 patriae
663 2681 773 2755 legibus
786 2681 997 2757 obtemperare,

105 2760 192 2833 quam
206 2760 356 2834 imperare,
369 2760 454 2815 satius
466 2759 591 2815 duxerit.
613 2761 673 2816 Hac
689 2771 796 2831 mente,
820 2781 873 2836 per
887 2763 1001 2837 aruspi-

105 2859 166 2895 cem
183 2858 421 2912 communemque
442 2836 555 2893 affinem
570 2878 578 2907 ,
596 2839 643 2895 eui
658 2858 757 2909 soror,
769 2860 805 2897 ex
826 2842 931 2897 eisdem
945 2860 1000 2914 pa-

105 2920 233 2974 rentibus
246 2930 327 2987 nata,
337 2929 428 2992 nupta
440 2928 512 2984 erat,
531 2917 649 2974 fratrem
659 2930 812 2995 tyrannum
825 2918 1001 2975 interficien-

111 2999 173 3053 lum
191 2998 308 3053 curavit.
334 2999 396 3072 Ipse
418 3016 479 3052 non
499 2999 587 3055 modo
599 2993 709 3054 ¹manus
729 3018 789 3054 non
814 2999 933 3068 attulit2,
951 2999 1001 3055 sed

107 3094 141 3131 ne
153 3076 298 3150 adspicere
310 3077 427 3150 quidem
442 3077 602 3134 fraternum
618 3079 784 3150 sanguinem
795 3079 904 3134 voluit:
916 3098 1000 3148 nam,

107 3154 175 3210 dum
197 3174 243 3211 res
254 3155 459 3227 conficeretur,
480 3158 584 3231 procul
605 3157 635 3212 in
653 3156 785 3230 praesidio
804 3158 870 3224 fuit,
889 3158 1000 3230 nequis

105 3235 213 3291 satelles
223 3247 317 3309 posset
332 3254 508 3292 succurrere.
521 3237 584 3290 Hoc
601 3236 845 3309 praeclarissimum
860 3235 920 3307 ejus
932 3233 1000 3292 faci--

107 3332 158 3368 uus
170 3334 229 3368 non
245 3315 309 3388 pari
327 3316 414 3371 modo
434 3314 590 3390 probatum
602 3326 643 3371 est
654 3316 690 3370 ab
703 3315 835 3371 omnibus
847 3333 855 3370 τ
868 3315 1000 3371 nonnulli

105 3393 181 3447 enim
197 3394 290 3449 laesam
303 3394 338 3449 ab
351 3414 385 3451 eo
397 3396 531 3470 pietatem
549 3393 704 3470 putabant,
722 3405 751 3449 et
765 3392 871 3451 invidit
887 3394 998 3450 laudem

106 3471 215 3528 virtutis
225 3471 393 3546 obtereban,
404 3483 589 3545 matertere.
610 3474 833 3551 postidfactum,
843 3475 995 3549 nequedtr
