2228 3892
164 298 200 351 to
423 299 618 349 corausti
634 297 801 349 suroris
895 276 899 289 ’

162 394 249 453 duces
256 390 354 453 esent.
364 396 436 462 Qua
447 392 668 450 victoriatum
676 391 731 447 tuit
742 392 947 451 atuealaetittae
959 405 991 452 ut
999 405 1058 454 tum

163 474 289 550 primum
295 490 351 528 arae
359 472 435 528 Paci
442 469 571 546 publioie⁹
578 471 634 528 siut
644 471 821 545 saetaeque
833 472 893 529 deae
898 472 1057 546 pulvinario

164 553 199 610 sit
208 551 376 609 institutum.
389 551 478 624 Cujus
489 551 582 607 laudis
593 560 627 606 ut
641 550 778 607 memoria
792 562 937 619 maneret,
960 551 1060 610 Timo*

163 630 231 687 theo
242 630 357 704 publice
369 640 490 687 statuam
503 630 535 687 in
555 629 621 687 foro
634 640 800 705 posuerunt.
816 630 873 699 Qui
885 630 979 688 honos
992 631 1060 688 huic

162 709 214 765 uui
225 718 290 765 ante
311 709 341 766 id
361 720 472 783 tempus
490 707 609 782 contigit
620 718 665 776 ut,
677 727 768 782 quum
780 709 855 783 patri
867 711 994 785 populus
1004 720 1058 770 sta-

163 797 241 843 tuam
253 787 404 863 posuisset,
419 786 481 844 filio
493 806 611 861 quoque
625 787 714 844 daret.
727 788 786 855 Sic,
797 787 881 860 juxti
891 789 996 863 posita,
1011 807 1059 845 re·

162 864 251 923 terail
265 866 318 923 filii
328 879 452 925 veterem
463 867 550 942 patris
564 866 712 922 renovavit
721 866 898 924 memoriam.
922 885 924 890 ·

180 1003 224 1051 111.
238 1000 375 1050 Timotheus
385 1017 469 1057 senex,
486 999 626 1119 Menpstheo
638 999 663 1048 in
675 999 797 1049 consilium
809 1001 890 1055 datiis,
905 1007 1040 1058 accusatus,

554 1079 668 1119 arcuatus.

202 1188 258 1244 Hrc
270 1207 359 1262 quum
372 1199 442 1245 esset
450 1207 553 1264 magno
566 1187 671 1258 naur12,
676 1188 888 1262 etmagistratus
898 1204 996 1260 gerere
1004 1187 1055 1242 de-

163 1268 252 1334 sisset,
265 1267 342 1322 bollo
354 1268 540 1323 Athenienses
550 1267 678 1340 undique
688 1266 780 1341 premi
791 1277 858 1321 sunt
866 1264 959 1338 coepti.
972 1265 1058 1320 Defe-

163 1355 240 1402 cerat
253 1347 368 1415 Samus;
383 1346 522 1402 descierat
541 1346 755 1420 Hellespontum
769 1345 917 1418 Philippus
927 1344 985 1415 jam
999 1353 1058 1400 turn

162 1424 259 1479 valens
270 1425 391 1481 Macedo
404 1425 493 1480 multa
506 1424 678 1480 moliebatur
693 1444 700 1478 τ
713 1425 759 1479 cui
767 1423 914 1496 oppositus
926 1421 1058 1478 Chares¹³

162 1521 252 1577 quum
266 1514 352 1571 esset,
375 1523 435 1558 non
447 1503 511 1560 satis
518 1504 548 1558 in
554 1522 589 1559 eo
597 1502 719 1577 praesidii
730 1501 892 1576 putabatur.
906 1501 950 1556 Fit
962 1503 1058 1557 Mene-

161 1582 256 1637 stheus
267 1593 387 1656 praetor,
397 1581 472 1638 iilius
479 1583 629 1658 Iphicratis
637 1620 644 1647 ‚
653 1599 741 1655 gener
752 1579 912 1647 Timothei,
923 1591 967 1648 et,
978 1591 1012 1636 ut
1021 1580 1058 1636 ad

161 1659 270 1715 bellum
284 1660 493 1735 proficiscatur,
506 1661 679 1716 decernitur.
693 1660 766 1715 Huic
777 1659 807 1714 iu
820 1659 969 1715 consilium
981 1660 1054 1714 clan-

159 1748 210 1793 tur
220 1739 295 1806 duo,
315 1759 368 1794 usu
390 1749 417 1795 et
437 1740 574 1813 sapientia
594 1749 772 1813 praestantes,
792 1756 918 1810 quorum
940 1738 1058 1794 consilio

159 1818 304 1886 uteretur,
316 1829 397 1893 pater
409 1829 437 1873 et
445 1837 525 1874 socer
536 1839 543 1872 :
556 1818 636 1891 qu‘od
649 1817 679 1870 in
690 1816 734 1871 his
745 1827 822 1871 tanta
835 1827 896 1872 erat
907 1817 1058 1874 auctoritas

162 1904 194 1950 ut
205 1914 308 1971 magna
325 1916 387 1971 spes
399 1907 470 1953 esset
487 1916 540 1972 per
554 1916 602 1953 eos
620 1895 718 1951 amasa
729 1913 811 1969 posse
831 1897 1004 1970 recuperari.
1022 1895 1058 1953 Hi

162 1990 252 2046 quum
265 1979 382 2032 Samum
393 1975 515 2051 proiecti
527 1987 631 2043 essent,
648 1986 676 2030 et
686 1975 789 2030 eisdem
798 1975 920 2043 Chares,
933 1973 1058 2030 adventu

161 2069 263 2106 eorum
288 2056 420 2128 cognito,
443 2074 510 2110 cum
519 2056 576 2110 suis
585 2054 675 2129 copiis
684 2053 928 2126 proficisceretur,
942 2072 978 2108 ne
988 2053 1057 2126 quid
1104 2112 1107 2117 ,

162 2126 276 2186 absente
296 2141 451 2206 segestam
469 2133 627 2201 videretur,
643 2132 757 2200 accidit,
775 2151 865 2205 quum
880 2133 916 2187 ad
936 2133 1056 2188 insulam

160 2209 418 2284 appropinquaret,
445 2221 478 2266 ut
504 2229 606 2285 magna
633 2221 780 2284 tempestas
802 2211 930 2266 oriretur
948 2229 954 2264 :
968 2228 1055 2282 quam

161 2286 265 2345 evitare
277 2289 454 2346 duoveteres
466 2291 651 2365 imperatores
661 2290 732 2345 utile
741 2289 883 2356 arbitrati,
895 2308 974 2344 suam
986 2291 1055 2346 elas-

160 2383 219 2422 sem
231 2367 484 2444 suppresserunt¹³.
493 2370 598 2438 Atille,
614 2368 764 2425 temeraria
776 2388 844 2424 assus
854 2369 980 2436 ratione,
996 2388 1055 2426 aon

160 2446 240 2502 cessit
257 2449 401 2521 majorum
415 2461 486 2505 natu
499 2449 675 2516 auctoritati,
698 2459 742 2514 et,
755 2445 814 2502 nt¹⁴
832 2448 862 2502 iu
874 2447 999 2502 sulcavi
1011 2466 1056 2504 os·

160 2535 202 2579 set
210 2524 342 2595 fortuna,
356 2529 415 2599 quo
428 2530 622 2605 contenderat,
633 2527 781 2603 persenit3
793 2526 951 2602 eodemque
965 2537 997 2583 ut
1009 2545 1055 2582 se·
1098 2590 1101 2595 ¹

161 2615 331 2675 quaerentur,
346 2606 382 2660 ad
393 2605 578 2661 Timotheum
592 2619 619 2662 et
641 2607 813 2680 Iphicratem
827 2606 962 2663 nuntium
971 2605 1054 2661 nana

160 2680 233 2736 Hinc
245 2685 317 2741 male
328 2704 359 2742 re
366 2685 457 2759 gesta,
470 2684 670 2759 compluribus
679 2684 783 2738 amissis
794 2685 926 2749 navibus,
941 2683 1053 2752 eisdem,

162 2759 237 2816 unde
249 2774 311 2818 erat
324 2764 482 2836 profectus,
502 2783 531 2820 se
544 2763 663 2836 recepit,
684 2762 846 2834 litterasque
857 2761 983 2816 Athenas
998 2780 1054 2836 pu·

160 2835 235 2894 buce
245 2840 332 2911 misit,
344 2842 397 2897 silai
413 2843 541 2916 proclive
553 2844 637 2899 fuisse
648 2844 765 2898 Samum
779 2858 894 2915 capere,
906 2839 960 2895 rtisi
971 2859 988 2895 a
1001 2841 1053 2894 Ti-

160 2919 276 2974 motheo
288 2932 316 2976 et
328 2920 470 2991 Iphicrate
481 2921 608 2978 desertus
617 2932 694 2978 esset.
707 2921 754 2977 Ob
761 2935 823 2976 eam
837 2939 898 2975 rem
909 2918 938 2973 in
946 2917 1053 2978 crimen

160 3007 336 3055 vocabantur
351 3021 358 3056 :
373 3000 499 3075 populus
516 3019 596 3067 acer,
618 3001 762 3074 suspicax,
775 2998 901 3070 mobilis,
918 2999 1053 3054 adversa-

159 3073 253 3146 rius¹⁴,
266 3077 378 3135 invidus
387 3079 470 3136 etiarn
478 3078 746 3154 potentiae,domum
758 3087 1053 3148 revocauaceusautur

159 3156 336 3227 proditionis.
357 3160 419 3215 Hoc
436 3159 545 3232 judicio
573 3158 725 3214 damnatur
750 3157 935 3224 Timotheus,
960 3155 1052 3229 lisque

159 3232 219 3304 ejus
230 3237 382 3294 aeatimatur
388 3249 504 3295 centum
510 3237 629 3295 talentis¹
634 3237 654 3292 ⁵.
671 3236 738 3307 Ille,
751 3235 820 3293 odio
832 3235 948 3310 ingratae
957 3233 1051 3290 civite·

160 3310 193 3366 tis
205 3331 331 3388 coactus,
344 3320 507 3378 Chalcidem
518 3341 547 3378 ee
560 3325 689 3382 contulit.
