2228 3892
132 326 164 379 st
389 320 577 397 connum
594 320 763 370 auroris

129 441 203 480 vem.
214 423 283 476 Erat
292 425 428 490 praeterea
439 433 505 469 cum
516 431 552 470 eo
564 413 727 470 adolescens
734 411 863 483 illustris,
871 413 1033 486 formosus,

130 499 287 565 Asdrubal,
302 494 349 552 cui
361 493 402 549 fit·
421 512 451 548 m
461 510 541 548 suam
552 492 582 548 in
594 492 808 550 matrimonium
820 493 907 548 dedit.
921 496 967 553 De
973 495 1033 553 hoc

74 581 195 637 *tideo
218 513 549 642 mentionemllecimus,
573 572 667 646 qubd,
687 572 832 629 Amilcare
856 573 967 643 occiso,
981 575 1032 632 ille

130 656 266 715 exercitui
277 653 407 730 praefuit,
419 670 522 724 resque
537 669 653 726 magicas
667 652 762 726 gessit,
783 648 957 727 et'priueeps
968 653 1034 711 lar·

110 736 236 812 fgitione
246 745 371 791 vetustos
383 730 523 807 pervertit
541 749 638 787 mores
648 730 940 805 Carthaginiensium
952 733 1032 805 ejus-

130 818 252 889 demque
264 825 328 890 post
341 823 464 868 mortem
476 809 601 866 Annibal
619 809 655 865 ab
667 811 794 867 exercitu
810 812 916 884 aceepit
934 811 1029 887 impe-

129 914 214 952 raum.

260 996 303 1043 1v.
323 996 351 1040 Iu
362 986 476 1056 Hispauit
486 987 567 1055 praelio
576 988 686 1038 adversius
694 985 812 1037 Vettones
821 986 895 1039 cadit.

168 1124 213 1178 Aa
228 1116 366 1182 Amilcar,
377 1124 562 1190 posteaquam
573 1131 652 1169 mare
665 1111 787 1179 transiit,
803 1111 834 1166 in
846 1111 1029 1186 Hispaniam·

130 1217 186 1272 que
201 1196 291 1264 venit,
312 1213 428 1268 magnas
443 1211 489 1249 res
503 1192 626 1250 sectmdA
646 1191 730 1267 gessit
746 1190 878 1260 lortunA3
892 1191 1029 1249 marianas

129 1275 409 1345 bellicosissimasque
434 1282 530 1345 gentes
551 1271 679 1346 subegit,
705 1270 798 1343 equis,
820 1270 918 1339 armis,
944 1270 1028 1340 viris,

129 1354 261 1430 pecuniA,
274 1363 363 1407 totam
374 1350 558 1423 locupletavit
569 1350 704 1406 Africam.
715 1349 768 1406 Hic
780 1369 870 1422 quum
878 1349 907 1404 in
919 1350 1028 1406 ltaliam

128 1434 237 1490 bellum
251 1431 358 1487 inferre
369 1429 568 1496 meditaretur,
581 1447 662 1485 nono
674 1448 751 1483 anno
764 1440 916 1502 postquam
926 1428 956 1483 in
966 1429 1030 1486 His-

129 1513 243 1590 pauiam
263 1521 393 1581 venerat,
414 1509 444 1565 in
456 1509 556 1584 praelio
572 1528 701 1584 pugnans
719 1509 853 1564 adversus
865 1507 1028 1577 Vettones⁶,

130 1593 237 1649 occisus
252 1603 301 1647 est.
314 1592 406 1662 Hujus
417 1600 590 1663 perpetuum
601 1587 699 1645 odium
714 1607 781 1663 erga
800 1590 947 1643 Romanos
961 1606 1028 1644 ma-

129 1671 204 1727 xime
212 1670 364 1725 concitasse
375 1668 489 1723 videtur
497 1668 654 1723 secundum
660 1668 769 1722 bellum
781 1667 934 1722 Punicum:
945 1686 1031 1722 nam-

129 1766 185 1824 que
197 1748 339 1815 Annibal,
349 1746 424 1800 lilius
436 1745 511 1818 ejus,
523 1747 640 1802 assiduis
653 1747 740 1820 patris
750 1746 985 1807 obtestationibus
993 1747 1029 1803 eb

129 1839 169 1884 cst
181 1827 336 1902 perductus
351 1836 385 1881 ut
402 1825 532 1896 interire,
545 1824 633 1901 quiem
650 1828 797 1882 Romanos
808 1843 869 1881 uon
882 1825 1029 1901 experiri,

128 1908 232 1964 mallet.

127 2065 1029 2088 mmffimmfflmmmmwlmu

456 2170 698 2242 ANNlBAL.

144 2335 204 2382 Cae.
227 2336 248 2382 l.
268 2327 391 2392 Annibal,
406 2327 515 2380 omnibus
529 2327 629 2452 dupiipiqs
647 2331 736 2398 major,
756 2346 852 2381 suorum
871 2329 1009 2384 debilitatur
1086 2342 1090 2349 '

531 2416 557 2452 ιιι
621 2437 628 2452 .

164 2549 312 2613 Attamen,
325 2545 474 2601 Amilcaris
483 2545 567 2618 filius,
578 2547 824 2622 Carthaginiensis.
835 2547 973 2604 Siverum
985 2563 1027 2607 est

129 2623 224 2700 (quod
236 2643 321 2680 nemo
337 2621 465 2700 dubitat)
478 2635 510 2678 ut
523 2628 649 2699 populus
661 2630 809 2684 Romanus
820 2647 918 2683 omnes
930 2639 1027 2702 gentes

125 2701 231 2757 virtute
242 2703 396 2776 superarit,
416 2721 478 2758 non
494 2713 535 2758 est
551 2701 736 2758 inficiandum
756 2707 925 2760 Annibalem
945 2710 1027 2764 tantb

124 2780 283 2856 praestitisse
299 2794 415 2837 caeteros
429 2783 614 2857 imperatores
626 2782 778 2857 prudentia
797 2785 905 2856 quantb
924 2804 1024 2858 popu-

124 2861 169 2917 lus
181 2863 328 2916 Romanus
340 2862 486 2916 antecedat
494 2861 663 2919 fortitudine
673 2874 787 2918 cunctas
798 2862 939 2918 nationes:
949 2883 1025 2934 nam,

124 2940 358 3013 quotiescumque
378 2958 444 2994 cum
456 2958 491 2994 eo
509 2960 676 3016 congressus
695 2954 735 2998 est
753 2943 782 2997 in
800 2942 895 3010 Iulia,
912 2961 1026 3017 semper

124 3019 249 3075 discessit
263 3017 403 3094 superior.
416 3018 502 3090 Qubd
513 3020 567 3074 nisi
579 3022 657 3076 domi
669 3023 774 3078 civium
784 3040 903 3078 suorum
917 3022 1024 3079 invidia

124 3097 285 3154 debilitatus
297 3097 554 3167 essett,1tomanos
572 3099 719 3156 videretur
736 3121 870 3173 superare
883 3103 1023 3175 potuisse:

125 3179 173 3237 sed
185 3178 342 3234 multorum
355 3178 523 3234 obtrectatio
536 3177 638 3234 devicit
649 3180 733 3234 unius
744 3180 888 3235 virtutem.
903 3181 955 3237 Hic
970 3202 1024 3237 au-

124 3265 197 3325 tem,
216 3257 294 3313 velut
310 3258 474 3315 haereditate
496 3258 642 3325 relictum,
665 3259 764 3314 odium
781 3270 937 3333 paternum
957 3280 1024 3334 erga

124 3333 271 3394 Romanos
287 3337 326 3394 sic
338 3337 516 3395 conservavit
526 3349 559 3393 ut
571 3338 652 3412 prius
662 3338 784 3395 animam
792 3338 879 3412 quam
889 3341 920 3396 id
930 3340 1022 3415 depo-

124 3425 228 3470 suerit:
247 3417 429 3492 quiquidem
448 3436 538 3493 quum
559 3419 649 3491 patria
662 3421 758 3481 uulnus
782 3429 853 3476 esset
870 3431 899 3476 et
911 3418 1022 3477 aliena·
