2228 3892
455 146 467 171 S

430 302 655 361 'uaesanae
962 325 991 376 tt

99 403 220 461 sumena
233 388 378 481 Lysander
392 403 497 460 etnim
510 405 636 461 nntium
652 416 692 462 ea
703 405 906 480 poemenen
917 407 995 463 naua

101 485 216 541 molitus
228 496 267 540 est
279 483 366 558 quiam
378 494 410 539 ut
424 503 521 540 omnes
533 484 656 541 civitates
668 484 697 540 in
709 485 759 540 sui
774 496 881 540 teneret
894 498 993 560 potes-

99 574 171 633 tate,
183 583 272 637 quum
285 564 314 619 id
327 582 357 620 se
369 565 648 621 Lacedaemoniorum
660 565 743 620 causa
762 564 853 620 lacere
874 565 990 620 simula·

99 654 152 699 ret
164 644 311 717 Namque,
323 642 464 716 undique,
479 663 529 717 qm
521 643 752 700 Atheniensmm
771 643 857 700 rebus
869 644 993 702 studu‘a

98 732 169 791 sent,
182 723 291 795 ejectis,
303 721 413 778 decem⁵
426 722 582 797 delegerat
576 743 604 777 ιιι
617 712 788 796 unaquaque
795 723 992 797 cantate,qur-

98 800 151 856 bns
169 820 310 857 summum
331 801 482 875 imperium
504 813 725 876 potestatemque
746 802 873 857 omnium
894 821 982 859 rerun

98 879 293 936 committeret.
316 881 458 936 Horum
450 900 480 937 ιιι
500 901 652 937 nnmerum
670 900 754 938 nemu
776 881 990 950 admittebaturq

97 957 151 1014 nisi
162 959 212 1032 qui
228 971 277 1015 aut
293 959 353 1032 ejus
370 961 493 1036 hospitio
509 964 718 1030 contineretur,
736 971 785 1015 aut
799 979 828 1015 se
845 960 918 1015 illius
929 960 990 1017 fors

97 1037 250 1112 proprium
269 1037 538 1096 fideconfirmaretss.
551 1043 592 1096 lta
612 1039 792 1096 decemvirali
808 1050 943 1112 potestate
961 1040 989 1095 in

98 1116 355 1174 omnihusurbihus
364 1121 524 1189 constituta,
538 1117 801 1194 ipsiusnutuomnia
810 1117 990 1190 gerebantur.

244 1234 277 1280 11.
298 1231 415 1298 Lysander
429 1231 455 1280 in
463 1230 562 1281 Thasios
575 1230 688 1281 subdolus
701 1237 725 1279 et
736 1226 845 1279 crudelis.

135 1355 224 1410 Cusus
235 1353 270 1410 de
292 1355 457 1417 crudelitate
475 1374 508 1412 ac
526 1355 648 1431 perfidia
669 1354 734 1412 satis
753 1364 895 1412 estunam
913 1368 990 1426 rem,

95 1434 218 1509 exempli
229 1435 327 1508 gratia,
335 1435 467 1508 prolerre
475 1475 483 1502 ‚
491 1437 577 1502 ne‚de
585 1436 686 1492 eodem
697 1435 780 1509 plura
788 1434 991 1503 enumerando,

95 1513 280 1588 defatigemus
291 1514 419 1583 lectores.
431 1515 530 1570 Victor
551 1534 587 1571 ex
603 1515 669 1569 Asia
681 1532 771 1586 quum
788 1524 991 1579 reverteretur,

94 1591 288 1666 Thasumque⁷
299 1594 470 1660 devertisset3
480 1595 559 1666 qubd
569 1613 601 1648 ea
606 1593 701 1648 civitas
707 1591 848 1665 praecipnll
857 1589 913 1645 fide
925 1590 992 1647 lue-

94 1682 139 1728 rat
150 1691 216 1748 erga
229 1673 416 1729 Athenienses
421 1674 559 1748 ,proinde
571 1692 603 1728 ac
614 1672 637 1728 si
649 1671 733 1727 iidem
751 1669 902 1725 firmissimi
916 1670 991 1725 sole-

94 1762 159 1807 rent
178 1771 235 1808 esse
254 1753 335 1808 amici
350 1753 400 1826 qui
420 1764 577 1809 constantes
595 1751 729 1807 fuissent'
722 1748 842 1815 mimici,
853 1767 913 1802 eam
926 1769 993 1823 per-

95 1842 205 1887 vertere
226 1832 396 1906 concupivit.
420 1833 497 1888 Vidit
514 1844 621 1899 autem,
646 1829 745 1886 nisiin
769 1848 804 1883 eo
827 1829 991 1885 occultasset

95 1911 277 1978 voluntatem,
285 1911 415 1966 futurum
424 1922 456 1966 ut
464 1912 560 1966 Thasu
571 1902 788 1975 dilaberenturl,
798 1907 992 1962 consulerent·
998 1977 1001 1982 ι

95 2005 150 2062 que
159 1989 245 2044 rebus
256 1989 321 2045 suis.
326 1986 485 2061 linquet...

96 2117 142 2165 111.
158 2115 278 2183 Lysander
290 2113 518 2164 Lacedaemoniorum
531 2129 598 2178 reges
608 2113 691 2163 tollere
701 2119 724 2160 et
734 2107 829 2160 oracula
842 2123 991 2179 aonampsrs

340 2195 447 2235 conatur.
458 2185 580 2235 Occiditur
591 2182 738 2234 eThebania.

145 2305 375 2360 Decernuntur
404 2323 483 2360 suam
519 2315 684 2378 potestatem
709 2305 754 2360 sui
776 2305 812 2367 ah
839 2305 889 2360 illo
918 2321 990 2359 con·

94 2382 219 2440 stitutam
234 2385 417 2439 sustulerunt.
435 2387 500 2452 Quo
519 2383 621 2439 dolore
640 2385 783 2450 incensus,
801 2384 862 2437 iniit
874 2381 990 2436 consilia

95 2481 175 2536 reges
185 2462 469 2518 Lacedaemoniorum
485 2457 621 2527 tollente
632 2462 682 2515 sed
693 2461 829 2515 sentiebat
841 2460 870 2514 id
889 2478 918 2514 se
930 2459 989 2515 sine

95 2558 150 2614 ope
160 2540 282 2596 deornm
294 2541 386 2609 lacere
398 2558 457 2593 non
470 2556 567 2612 posse,
585 2540 664 2611 qnbd
679 2538 882 2595 Lacedaemonii
895 2536 989 2593 omnia

94 2618 131 2675 ad
143 2619 259 2675 oracula
280 2617 388 2674 referre
411 2629 624 2673 consueverant.
639 2619 765 2675 Primiam
783 2618 911 2693 Delphos
925 2628 995 2672 cor-⁴

94 2716 230 2773 rumpere
256 2708 297 2752 est
323 2707 450 2753 conatus.
463 2699 559 2766 Quum
588 2698 616 2752 id
640 2718 697 2753 non
720 2699 869 2773 potuisset,
883 2696 987 2752 Dodo-

94 2794 162 2832 nam
181 2778 300 2833 adortus
317 2787 365 2832 est.
387 2777 459 2832 Hinc
482 2794 598 2850 quoque
619 2779 762 2852 repulsus,
781 2778 850 2835 dixit
873 2796 902 2833 se
922 2786 987 2831 vota

93 2856 244 2930 suscepisse
260 2875 323 2929 quae
332 2856 398 2910 Jovi
409 2857 543 2911 Ammoni
554 2858 689 2924 solveret,
699 2858 857 2914 existimans
864 2874 892 2911 se
902 2854 988 2911 Afros

94 2934 201 2992 facilibs
219 2947 434 3009 corrupturum.
455 2936 515 2991 Hac
535 2955 584 3010 spe
601 2955 690 3010 qrrarm
712 2938 853 3011 profectus
867 2945 936 2991 esset
957 2931 986 2990 in

95 3014 234 3082 Africam,
258 3015 381 3070 multiam
398 3034 464 3070 eum
486 3014 620 3072 antistites
638 3018 716 3072 lovis
729 3016 908 3071 tetulerunt:
921 3031 988 3067 nam

95 3110 155 3148 nun
168 3094 260 3148 soliam
275 3095 424 3169 corrumpi
443 3114 502 3150 non
519 3107 691 3187 potuerunt,
710 3096 759 3151 sed
776 3095 859 3152 etlam
881 3095 987 3166 legatos

94 3172 294 3229 lacedaemona
309 3175 460 3242 miserunt,
480 3175 567 3247 qui
545 3176 722 3248 lysandrum
733 3183 895 3231 accusarent
908 3169 987 3243 quhd

96 3253 254 3310 sacerdotes
267 3253 324 3308 sani
338 3273 526 3328 corrumpere
540 3266 658 3311 conatus
676 3266 753 3312 esset.
768 3260 920 3310 Acerrsatus
931 3247 987 3304 hoc

98 3329 227 3396 crimine,
235 3333 421 3407 judicumque
433 3333 578 3403 absolutus
591 3335 745 3400 sententiis,
763 3325 984 3388 Orchomeniis¹¹

97 3410 194 3467 missus
203 3410 343 3482 subsidio,
356 3411 464 3470 occisus
476 3423 517 3470 est
535 3433 552 3469 a
568 3403 711 3469 Thebanis
724 3410 803 3469 arud
819 3409 984 3471 Haliartum

1090 3490 1099 3519 l
