<?xml version="1.0" encoding="UTF-8"?>
<!DOCTYPE html PUBLIC "-//W3C//DTD XHTML 1.0 Transitional//EN"
    "http://www.w3.org/TR/xhtml1/DTD/xhtml1-transitional.dtd">
<html xmlns="http://www.w3.org/1999/xhtml" xml:lang="en" lang="en">
 <head>
  <title>
</title>
<meta http-equiv="Content-Type" content="text/html;charset=utf-8" />
  <meta name='ocr-system' content='tesseract 3.04.00' />
  <meta name='ocr-capabilities' content='ocr_page ocr_carea ocr_par ocr_line ocrx_word'/>
</head>
<body>
  <div class='ocr_page' id='page_1' title='image "./corneliinepotis10nepogoog_0126.png"; bbox 0 0 2228 3892; ppageno 0'>
   <div class='ocr_carea' id='block_1_1' title="bbox 7 72 14 577">
    <p class='ocr_par' dir='ltr' id='par_1_1' title="bbox 7 72 14 577">
     <span class='ocr_line' id='line_1_1' title="bbox 7 72 14 577; baseline 0 0"><span class='ocrx_word' id='word_1_1' title='bbox 7 72 14 577; x_wconf 95' lang='lat' dir='ltr'> </span> 
     </span>
    </p>
   </div>
   <div class='ocr_carea' id='block_1_2' title="bbox 225 283 856 344">
    <p class='ocr_par' dir='ltr' id='par_1_2' title="bbox 225 283 856 344">
     <span class='ocr_line' id='line_1_2' title="bbox 225 283 856 344; baseline -0.024 -1"><span class='ocrx_word' id='word_1_2' title='bbox 225 298 275 344; x_wconf 78' lang='grc' dir='ltr'>ΗΟ</span> <span class='ocrx_word' id='word_1_3' title='bbox 482 287 670 336; x_wconf 77' lang='lat' dir='ltr'>CORNELII</span> <span class='ocrx_word' id='word_1_4' title='bbox 689 283 856 332; x_wconf 65' lang='lat' dir='ltr'>surmus</span> 
     </span>
    </p>
   </div>
   <div class='ocr_carea' id='block_1_3' title="bbox 199 377 1114 1540">
    <p class='ocr_par' dir='ltr' id='par_1_3' title="bbox 199 377 1114 1379">
     <span class='ocr_line' id='line_1_3' title="bbox 226 377 1103 462; baseline -0.016 -18"><span class='ocrx_word' id='word_1_5' title='bbox 226 388 340 462; x_wconf 83' lang='lat' dir='ltr'>astirpe</span> <span class='ocrx_word' id='word_1_6' title='bbox 351 387 388 441; x_wconf 86' lang='lat' dir='ltr'>ad</span> <span class='ocrx_word' id='word_1_7' title='bbox 398 385 471 439; x_wconf 88' lang='lat' dir='ltr'>hane</span> <span class='ocrx_word' id='word_1_8' title='bbox 483 392 593 437; x_wconf 70' lang='lat' dir='ltr'>etatem</span> <span class='ocrx_word' id='word_1_9' title='bbox 604 379 707 437; x_wconf 82' lang='lat' dir='ltr'>ordine</span> <span class='ocrx_word' id='word_1_10' title='bbox 715 377 906 446; x_wconf 68' lang='lat' dir='ltr'><strong>enumeravit,</strong></span> <span class='ocrx_word' id='word_1_11' title='bbox 915 385 1019 432; x_wconf 80' lang='lat' dir='ltr'>notus</span> <span class='ocrx_word' id='word_1_12' title='bbox 1029 377 1103 450; x_wconf 86' lang='lat' dir='ltr'>qni,</span> 
     </span>
     <span class='ocr_line' id='line_1_4' title="bbox 226 455 1103 543; baseline -0.016 -21"><span class='ocrx_word' id='word_1_13' title='bbox 226 485 285 543; x_wconf 89' lang='lat' dir='ltr'>quo</span> <span class='ocrx_word' id='word_1_14' title='bbox 299 475 394 532; x_wconf 88' lang='lat' dir='ltr'>ortus,</span> <span class='ocrx_word' id='word_1_15' title='bbox 406 481 481 536; x_wconf 88' lang='lat' dir='ltr'>quos</span> <span class='ocrx_word' id='word_1_16' title='bbox 489 462 618 516; x_wconf 77' lang='lat' dir='ltr'>honores</span> <span class='ocrx_word' id='word_1_17' title='bbox 633 459 792 533; x_wconf 72' lang='lat' dir='ltr'>quibusque</span> <span class='ocrx_word' id='word_1_18' title='bbox 805 455 981 530; x_wconf 85' lang='lat' dir='ltr'>temporibus</span> <span class='ocrx_word' id='word_1_19' title='bbox 995 472 1030 511; x_wconf 82' lang='lat' dir='ltr'>ee</span> <span class='ocrx_word' id='word_1_20' title='bbox 1039 483 1044 505; x_wconf 64' lang='grc' dir='ltr'><strong><em>ι</em></strong></span> <span class='ocrx_word' id='word_1_21' title='bbox 1060 484 1076 503; x_wconf 59' lang='lat' dir='ltr'>a</span> <span class='ocrx_word' id='word_1_22' title='bbox 1098 496 1103 502; x_wconf 75' lang='lat'><em>,</em></span> 
     </span>
     <span class='ocr_line' id='line_1_5' title="bbox 227 533 1044 608; baseline -0.015 -6"><span class='ocrx_word' id='word_1_23' title='bbox 227 545 290 602; x_wconf 85' lang='lat' dir='ltr'>Pari</span> <span class='ocrx_word' id='word_1_24' title='bbox 300 544 387 599; x_wconf 88' lang='lat' dir='ltr'>modo</span> <span class='ocrx_word' id='word_1_25' title='bbox 399 541 528 597; x_wconf 75' lang='lat' dir='ltr'>Marcelli</span> <span class='ocrx_word' id='word_1_26' title='bbox 539 539 665 606; x_wconf 79' lang='lat' dir='ltr'>Claudii,</span> <span class='ocrx_word' id='word_1_27' title='bbox 678 537 895 602; x_wconf 68' lang='lat' dir='ltr'>Marcellorum</span> <span class='ocrx_word' id='word_1_28' title='bbox 904 533 1044 608; x_wconf 81' lang='lat' dir='ltr'>Scipionis</span> 
     </span>
     <span class='ocr_line' id='line_1_6' title="bbox 226 614 1114 686; baseline -0.019 -7"><span class='ocrx_word' id='word_1_29' title='bbox 226 622 294 679; x_wconf 87' lang='lat' dir='ltr'>nelii</span> <span class='ocrx_word' id='word_1_30' title='bbox 307 634 335 678; x_wconf 88' lang='lat' dir='ltr'>et</span> <span class='ocrx_word' id='word_1_31' title='bbox 347 622 424 679; x_wconf 74' lang='lat' dir='ltr'>Fabii</span> <span class='ocrx_word' id='word_1_32' title='bbox 436 619 567 686; x_wconf 84' lang='lat' dir='ltr'>Maximi,</span> <span class='ocrx_word' id='word_1_33' title='bbox 577 617 746 684; x_wconf 80' lang='lat' dir='ltr'>Fabiorum,</span> <span class='ocrx_word' id='word_1_34' title='bbox 759 627 787 670; x_wconf 90' lang='lat' dir='ltr'>et</span> <span class='ocrx_word' id='word_1_35' title='bbox 798 614 979 671; x_wconf 83' lang='lat' dir='ltr'>AErniliooum</span> <span class='ocrx_word' id='word_1_36' title='bbox 1011 641 1015 654; x_wconf 85' lang='lat'>.</span> <span class='ocrx_word' id='word_1_37' title='bbox 1031 641 1046 661; x_wconf 71' lang='grc'>,«</span> <span class='ocrx_word' id='word_1_38' title='bbox 1061 640 1087 663; x_wconf 54' lang='lat' dir='ltr'>es</span> <span class='ocrx_word' id='word_1_39' title='bbox 1105 652 1114 658; x_wconf 18' lang='grc' dir='ltr'>,Α</span> 
     </span>
     <span class='ocr_line' id='line_1_7' title="bbox 226 692 1109 775; baseline -0.008 -18"><span class='ocrx_word' id='word_1_40' title='bbox 226 701 329 775; x_wconf 88' lang='lat' dir='ltr'>quibus</span> <span class='ocrx_word' id='word_1_41' title='bbox 340 701 421 756; x_wconf 91' lang='lat' dir='ltr'>libris</span> <span class='ocrx_word' id='word_1_42' title='bbox 431 699 503 754; x_wconf 74' lang='lat' dir='ltr'>nihil</span> <span class='ocrx_word' id='word_1_43' title='bbox 518 708 679 773; x_wconf 83' lang='lat' dir='ltr'>potestesse</span> <span class='ocrx_word' id='word_1_44' title='bbox 692 694 804 751; x_wconf 84' lang='lat' dir='ltr'>dulcius</span> <span class='ocrx_word' id='word_1_45' title='bbox 817 692 1052 765; x_wconf 32' lang='lat' dir='ltr'>i&#39;ussquinliqusm</span> <span class='ocrx_word' id='word_1_46' title='bbox 1069 712 1109 750; x_wconf 86' lang='lat' dir='ltr'>ou</span> 
     </span>
     <span class='ocr_line' id='line_1_8' title="bbox 226 770 1098 855; baseline -0.014 -19"><span class='ocrx_word' id='word_1_47' title='bbox 226 780 371 855; x_wconf 77' lang='lat' dir='ltr'>piditntem</span> <span class='ocrx_word' id='word_1_48' title='bbox 380 779 488 834; x_wconf 81' lang='lat' dir='ltr'>habeut</span> <span class='ocrx_word' id='word_1_49' title='bbox 500 776 607 832; x_wconf 76' lang='lat' dir='ltr'>notitiae</span> <span class='ocrx_word' id='word_1_50' title='bbox 618 777 762 831; x_wconf 82' lang='lat' dir='ltr'>clarorum</span> <span class='ocrx_word' id='word_1_51' title='bbox 775 773 916 827; x_wconf 77' lang='lat' dir='ltr'>virorum</span> <span class='ocrx_word' id='word_1_52' title='bbox 930 770 1098 845; x_wconf 70' lang='lat' dir='ltr'>Attigitqn</span> 
     </span>
     <span class='ocr_line' id='line_1_9' title="bbox 225 849 1108 934; baseline -0.014 -19"><span class='ocrx_word' id='word_1_53' title='bbox 225 876 283 934; x_wconf 83' lang='lat' dir='ltr'>que</span> <span class='ocrx_word' id='word_1_54' title='bbox 294 859 423 933; x_wconf 82' lang='lat' dir='ltr'>poeticen</span> <span class='ocrx_word' id='word_1_55' title='bbox 434 877 441 912; x_wconf 74' lang='grc' dir='ltr'><em>τ</em></span> <span class='ocrx_word' id='word_1_56' title='bbox 457 856 613 924; x_wconf 85' lang='lat' dir='ltr'>credimus,</span> <span class='ocrx_word' id='word_1_57' title='bbox 626 873 665 911; x_wconf 82' lang='lat' dir='ltr'>ne</span> <span class='ocrx_word' id='word_1_58' title='bbox 676 853 736 927; x_wconf 86' lang='lat' dir='ltr'>ejus</span> <span class='ocrx_word' id='word_1_59' title='bbox 742 870 849 926; x_wconf 82' lang='lat' dir='ltr'>expers</span> <span class='ocrx_word' id='word_1_60' title='bbox 861 861 929 906; x_wconf 85' lang='lat' dir='ltr'>esset</span> <span class='ocrx_word' id='word_1_61' title='bbox 941 849 1048 905; x_wconf 72' lang='lat' dir='ltr'>merita</span> <span class='ocrx_word' id='word_1_62' title='bbox 1058 851 1108 897; x_wconf 55' lang='lat'>12*</span> 
     </span>
     <span class='ocr_line' id='line_1_10' title="bbox 225 935 1104 1012; baseline -0.014 -20"><span class='ocrx_word' id='word_1_63' title='bbox 225 954 348 1012; x_wconf 82' lang='lat' dir='ltr'>namque</span> <span class='ocrx_word' id='word_1_64' title='bbox 358 936 502 1004; x_wconf 82' lang='lat' dir='ltr'>versibus,</span> <span class='ocrx_word' id='word_1_65' title='bbox 513 935 688 1008; x_wconf 86' lang='lat' dir='ltr'>qui·honore</span> <span class='ocrx_word' id='word_1_66' title='bbox 700 948 856 1004; x_wconf 86' lang='lat' dir='ltr'>rerumque</span> <span class='ocrx_word' id='word_1_67' title='bbox 869 939 1014 1005; x_wconf 77' lang='lat' dir='ltr'>gestarum</span> <span class='ocrx_word' id='word_1_68' title='bbox 1082 959 1088 979; x_wconf 49' lang='lat' dir='ltr'>a</span> <span class='ocrx_word' id='word_1_69' title='bbox 1103 958 1104 961; x_wconf 60' lang='lat'><em>=</em></span> 
     </span>
     <span class='ocr_line' id='line_1_11' title="bbox 199 1007 1113 1087; baseline -0.01 -17"><span class='ocrx_word' id='word_1_70' title='bbox 199 1034 201 1038; x_wconf 92' lang='lat'>·</span> <span class='ocrx_word' id='word_1_71' title='bbox 236 1013 323 1070; x_wconf 88' lang='lat' dir='ltr'>udine</span> <span class='ocrx_word' id='word_1_72' title='bbox 336 1023 454 1069; x_wconf 84' lang='lat' dir='ltr'>caeteros</span> <span class='ocrx_word' id='word_1_73' title='bbox 464 1013 588 1070; x_wconf 68' lang='lat' dir='ltr'>Romani</span> <span class='ocrx_word' id='word_1_74' title='bbox 596 1011 700 1087; x_wconf 84' lang='lat' dir='ltr'>populi</span> <span class='ocrx_word' id='word_1_75' title='bbox 712 1009 918 1085; x_wconf 76' lang='lat' dir='ltr'>praestiterunt,</span> <span class='ocrx_word' id='word_1_76' title='bbox 930 1007 1080 1082; x_wconf 70' lang='lat' dir='ltr'>exposuit}</span> <span class='ocrx_word' id='word_1_77' title='bbox 1110 1038 1113 1049; x_wconf 73' lang='grc'><strong>»</strong></span> 
     </span>
     <span class='ocr_line' id='line_1_12' title="bbox 226 1090 1108 1168; baseline 0.003 -21"><span class='ocrx_word' id='word_1_78' title='bbox 226 1101 271 1158; x_wconf 91' lang='lat' dir='ltr'>ut,</span> <span class='ocrx_word' id='word_1_79' title='bbox 284 1091 337 1148; x_wconf 74' lang='lat' dir='ltr'>suh</span> <span class='ocrx_word' id='word_1_80' title='bbox 351 1092 531 1167; x_wconf 79' lang='lat' dir='ltr'>singulorum</span> <span class='ocrx_word' id='word_1_81' title='bbox 542 1091 724 1166; x_wconf 78' lang='lat' dir='ltr'>imaginibus,</span> <span class='ocrx_word' id='word_1_82' title='bbox 736 1091 810 1146; x_wconf 76' lang='lat' dir='ltr'>iacta</span> <span class='ocrx_word' id='word_1_83' title='bbox 821 1090 1059 1168; x_wconf 71' lang='lat' dir='ltr'>magistratusque</span> <span class='ocrx_word' id='word_1_84' title='bbox 1070 1112 1108 1152; x_wconf 86' lang='lat' dir='ltr'>eo</span> 
     </span>
     <span class='ocr_line' id='line_1_13' title="bbox 226 1170 1114 1245; baseline -0.01 -17"><span class='ocrx_word' id='word_1_85' title='bbox 226 1189 290 1228; x_wconf 83' lang='lat' dir='ltr'>rum</span> <span class='ocrx_word' id='word_1_86' title='bbox 301 1190 361 1226; x_wconf 91' lang='lat' dir='ltr'>non</span> <span class='ocrx_word' id='word_1_87' title='bbox 372 1171 494 1245; x_wconf 74' lang='lat' dir='ltr'>amplius</span> <span class='ocrx_word' id='word_1_88' title='bbox 500 1170 646 1245; x_wconf 82' lang='lat' dir='ltr'>quaternis</span> <span class='ocrx_word' id='word_1_89' title='bbox 652 1171 786 1244; x_wconf 67' lang='lat' dir='ltr'>quinisve</span> <span class='ocrx_word' id='word_1_90' title='bbox 796 1171 925 1226; x_wconf 79' lang='lat' dir='ltr'>versibus</span> <span class='ocrx_word' id='word_1_91' title='bbox 931 1171 1023 1229; x_wconf 85' lang='lat' dir='ltr'>descri</span> <span class='ocrx_word' id='word_1_92' title='bbox 1033 1199 1057 1222; x_wconf 62' lang='lat'>..2</span> <span class='ocrx_word' id='word_1_93' title='bbox 1095 1174 1114 1222; x_wconf 65' lang='grc' dir='ltr'>ἰ,</span> 
     </span>
     <span class='ocr_line' id='line_1_14' title="bbox 224 1249 1106 1379; baseline -0.002 -76"><span class='ocrx_word' id='word_1_94' title='bbox 224 1249 304 1379; x_wconf 74' lang='lat' dir='ltr'>quod</span> <span class='ocrx_word' id='word_1_95' title='bbox 314 1250 363 1304; x_wconf 81' lang='lat' dir='ltr'>vix</span> <span class='ocrx_word' id='word_1_96' title='bbox 374 1251 551 1306; x_wconf 78' lang='lat' dir='ltr'>credendum</span> <span class='ocrx_word' id='word_1_97' title='bbox 570 1249 604 1305; x_wconf 92' lang='lat' dir='ltr'>sit</span> <span class='ocrx_word' id='word_1_98' title='bbox 621 1260 710 1306; x_wconf 89' lang='lat' dir='ltr'>tantas</span> <span class='ocrx_word' id='word_1_99' title='bbox 724 1268 770 1306; x_wconf 84' lang='lat' dir='ltr'>res</span> <span class='ocrx_word' id='word_1_100' title='bbox 780 1260 837 1305; x_wconf 78' lang='lat' dir='ltr'>tem</span> <span class='ocrx_word' id='word_1_101' title='bbox 855 1249 981 1306; x_wconf 81' lang='lat' dir='ltr'>breviter</span> <span class='ocrx_word' id='word_1_102' title='bbox 997 1271 1038 1326; x_wconf 85' lang='lat' dir='ltr'>po</span> <span class='ocrx_word' id='word_1_103' title='bbox 1061 1290 1065 1300; x_wconf 81' lang='grc'><em>,</em></span> <span class='ocrx_word' id='word_1_104' title='bbox 1090 1282 1106 1301; x_wconf 76' lang='grc'>;.</span> 
     </span>
    </p>

    <p class='ocr_par' dir='ltr' id='par_1_4' title="bbox 223 1327 1114 1540">
     <span class='ocr_line' id='line_1_15' title="bbox 244 1327 1114 1403; baseline -0.001 -23"><span class='ocrx_word' id='word_1_105' title='bbox 244 1327 370 1382; x_wconf 86' lang='lat' dir='ltr'>eclarari.</span> <span class='ocrx_word' id='word_1_106' title='bbox 386 1329 435 1383; x_wconf 88' lang='lat' dir='ltr'>Est</span> <span class='ocrx_word' id='word_1_107' title='bbox 447 1329 529 1383; x_wconf 87' lang='lat' dir='ltr'>etiam</span> <span class='ocrx_word' id='word_1_108' title='bbox 541 1347 616 1383; x_wconf 91' lang='lat' dir='ltr'>unus</span> <span class='ocrx_word' id='word_1_109' title='bbox 627 1329 717 1396; x_wconf 79' lang='lat' dir='ltr'>liber,</span> <span class='ocrx_word' id='word_1_110' title='bbox 730 1329 819 1403; x_wconf 75' lang='lat' dir='ltr'>graece</span> <span class='ocrx_word' id='word_1_111' title='bbox 832 1328 991 1400; x_wconf 82' lang='lat' dir='ltr'>consectus,</span> <span class='ocrx_word' id='word_1_112' title='bbox 1003 1330 1042 1386; x_wconf 85' lang='lat' dir='ltr'>de</span> <span class='ocrx_word' id='word_1_113' title='bbox 1053 1350 1094 1388; x_wconf 86' lang='lat' dir='ltr'>oo</span> <span class='ocrx_word' id='word_1_114' title='bbox 1103 1360 1114 1379; x_wconf 65' lang='grc' dir='ltr'>ι,</span> 
     </span>
     <span class='ocr_line' id='line_1_16' title="bbox 223 1405 1114 1477; baseline 0.009 -19"><span class='ocrx_word' id='word_1_115' title='bbox 223 1405 315 1460; x_wconf 83' lang='lat' dir='ltr'>sulatu</span> <span class='ocrx_word' id='word_1_116' title='bbox 328 1406 480 1462; x_wconf 85' lang='lat' dir='ltr'>Ciceronis.</span> <span class='ocrx_word' id='word_1_117' title='bbox 493 1407 650 1476; x_wconf 81' lang='lat' dir='ltr'>Hactenus,</span> <span class='ocrx_word' id='word_1_118' title='bbox 661 1408 756 1462; x_wconf 81' lang='lat' dir='ltr'>Attico</span> <span class='ocrx_word' id='word_1_119' title='bbox 768 1408 843 1477; x_wconf 87' lang='lat' dir='ltr'>vivo,</span> <span class='ocrx_word' id='word_1_120' title='bbox 856 1407 929 1464; x_wconf 83' lang='lat' dir='ltr'>edita</span> <span class='ocrx_word' id='word_1_121' title='bbox 943 1408 1003 1464; x_wconf 81' lang='lat' dir='ltr'>haec</span> <span class='ocrx_word' id='word_1_122' title='bbox 1013 1428 1029 1465; x_wconf 88' lang='lat' dir='ltr'>a</span> <span class='ocrx_word' id='word_1_123' title='bbox 1041 1410 1114 1467; x_wconf 91' lang='lat' dir='ltr'>nob</span> 
     </span>
     <span class='ocr_line' id='line_1_17' title="bbox 224 1494 296 1540; baseline 0.014 -1"><span class='ocrx_word' id='word_1_124' title='bbox 224 1494 296 1540; x_wconf 77' lang='lat' dir='ltr'>tuni.</span> 
     </span>
    </p>
   </div>
   <div class='ocr_carea' id='block_1_4' title="bbox 260 1598 1090 1719">
    <p class='ocr_par' dir='ltr' id='par_1_5' title="bbox 260 1598 1090 1719">
     <span class='ocr_line' id='line_1_18' title="bbox 260 1598 1090 1664; baseline 0.008 -18"><span class='ocrx_word' id='word_1_125' title='bbox 260 1603 329 1647; x_wconf 81' lang='lat' dir='ltr'>xlx.</span> <span class='ocrx_word' id='word_1_126' title='bbox 346 1599 445 1650; x_wconf 68' lang='lat' dir='ltr'>sitien</span> <span class='ocrx_word' id='word_1_127' title='bbox 462 1616 556 1651; x_wconf 88' lang='lat' dir='ltr'>morum</span> <span class='ocrx_word' id='word_1_128' title='bbox 568 1598 684 1664; x_wconf 61' lang='lat' dir='ltr'>elegantis</span> <span class='ocrx_word' id='word_1_129' title='bbox 698 1599 822 1650; x_wconf 59' lang='lat' dir='ltr'>onas-iani</span> <span class='ocrx_word' id='word_1_130' title='bbox 837 1599 934 1650; x_wconf 71' lang='lat' dir='ltr'>emus</span> <span class='ocrx_word' id='word_1_131' title='bbox 945 1599 1090 1654; x_wconf 69' lang='lat' dir='ltr'>nfimtaten</span> 
     </span>
     <span class='ocr_line' id='line_1_19' title="bbox 573 1677 763 1719; baseline 0.016 -3"><span class='ocrx_word' id='word_1_132' title='bbox 573 1677 607 1717; x_wconf 84' lang='lat' dir='ltr'>est</span> <span class='ocrx_word' id='word_1_133' title='bbox 618 1679 763 1719; x_wconf 82' lang='lat' dir='ltr'>comecutm.</span> 
     </span>
    </p>
   </div>
   <div class='ocr_carea' id='block_1_5' title="bbox 219 1805 1114 3068">
    <p class='ocr_par' dir='ltr' id='par_1_6' title="bbox 219 1805 1114 3068">
     <span class='ocr_line' id='line_1_20' title="bbox 219 1805 1113 1880; baseline 0.006 -19"><span class='ocrx_word' id='word_1_134' title='bbox 219 1839 221 1843; x_wconf 94' lang='lat'>·</span> <span class='ocrx_word' id='word_1_135' title='bbox 261 1805 344 1861; x_wconf 84' lang='lat' dir='ltr'>Nunc</span> <span class='ocrx_word' id='word_1_136' title='bbox 361 1805 498 1880; x_wconf 85' lang='lat' dir='ltr'>quoniam</span> <span class='ocrx_word' id='word_1_137' title='bbox 514 1805 631 1861; x_wconf 85' lang='lat' dir='ltr'>fortuna</span> <span class='ocrx_word' id='word_1_138' title='bbox 651 1824 704 1862; x_wconf 90' lang='lat' dir='ltr'>nos</span> <span class='ocrx_word' id='word_1_139' title='bbox 721 1805 884 1880; x_wconf 85' lang='lat' dir='ltr'>superstites</span> <span class='ocrx_word' id='word_1_140' title='bbox 900 1807 928 1863; x_wconf 90' lang='lat' dir='ltr'>ei</span> <span class='ocrx_word' id='word_1_141' title='bbox 945 1826 1004 1865; x_wconf 80' lang='lat' dir='ltr'>esse</span> <span class='ocrx_word' id='word_1_142' title='bbox 1016 1808 1113 1867; x_wconf 80' lang='lat' dir='ltr'>voluit</span> 
     </span>
     <span class='ocr_line' id='line_1_21' title="bbox 221 1884 1110 1960; baseline 0.007 -20"><span class='ocrx_word' id='word_1_143' title='bbox 221 1884 332 1960; x_wconf 87' lang='lat' dir='ltr'>reliqua</span> <span class='ocrx_word' id='word_1_144' title='bbox 352 1903 571 1960; x_wconf 85' lang='lat' dir='ltr'>persequemur,</span> <span class='ocrx_word' id='word_1_145' title='bbox 592 1895 635 1955; x_wconf 91' lang='lat' dir='ltr'>et,</span> <span class='ocrx_word' id='word_1_146' title='bbox 663 1886 803 1959; x_wconf 75' lang='lat' dir='ltr'>quantum</span> <span class='ocrx_word' id='word_1_147' title='bbox 826 1885 997 1960; x_wconf 86' lang='lat' dir='ltr'>poterimus,</span> <span class='ocrx_word' id='word_1_148' title='bbox 1022 1907 1051 1945; x_wconf 87' lang='lat' dir='ltr'>r·</span> <span class='ocrx_word' id='word_1_149' title='bbox 1083 1915 1088 1936; x_wconf 66' lang='grc' dir='ltr'><strong>ι</strong></span> <span class='ocrx_word' id='word_1_150' title='bbox 1106 1916 1110 1934; x_wconf 68' lang='lat'><em>¹</em></span> 
     </span>
     <span class='ocr_line' id='line_1_22' title="bbox 222 1963 1109 2041; baseline 0.005 -22"><span class='ocrx_word' id='word_1_151' title='bbox 222 1965 358 2040; x_wconf 83' lang='lat' dir='ltr'>exemplis</span> <span class='ocrx_word' id='word_1_152' title='bbox 369 1967 490 2022; x_wconf 87' lang='lat' dir='ltr'>lectores</span> <span class='ocrx_word' id='word_1_153' title='bbox 501 1964 674 2034; x_wconf 80' lang='lat' dir='ltr'>docebimus,</span> <span class='ocrx_word' id='word_1_154' title='bbox 685 1963 755 2020; x_wconf 87' lang='lat' dir='ltr'>sicut</span> <span class='ocrx_word' id='word_1_155' title='bbox 763 1963 875 2040; x_wconf 72' lang='lat' dir='ltr'>suprel⁵¹</span> <span class='ocrx_word' id='word_1_156' title='bbox 889 1964 1077 2041; x_wconf 75' lang='lat' dir='ltr'>significarim</span> <span class='ocrx_word' id='word_1_157' title='bbox 1105 1994 1109 1999; x_wconf 80' lang='lat'><strong>·</strong></span> 
     </span>
     <span class='ocr_line' id='line_1_23' title="bbox 222 2043 1106 2118; baseline 0.009 -23"><span class='ocrx_word' id='word_1_158' title='bbox 222 2046 319 2099; x_wconf 74' lang='lat' dir='ltr'>«Suos</span> <span class='ocrx_word' id='word_1_159' title='bbox 341 2045 444 2117; x_wconf 88' lang='lat' dir='ltr'>cuique</span> <span class='ocrx_word' id='word_1_160' title='bbox 467 2063 561 2100; x_wconf 90' lang='lat' dir='ltr'>mores</span> <span class='ocrx_word' id='word_1_161' title='bbox 584 2044 755 2118; x_wconf 78' lang='lat' dir='ltr'>plerumque</span> <span class='ocrx_word' id='word_1_162' title='bbox 773 2044 924 2101; x_wconf 89' lang='lat' dir='ltr'>conciliare</span> <span class='ocrx_word' id='word_1_163' title='bbox 945 2043 1106 2104; x_wconf 78' lang='lat' dir='ltr'>formnam.</span> 
     </span>
     <span class='ocr_line' id='line_1_24' title="bbox 221 2121 1106 2197; baseline 0.008 -21"><span class='ocrx_word' id='word_1_164' title='bbox 221 2121 351 2193; x_wconf 87' lang='lat' dir='ltr'>Namque</span> <span class='ocrx_word' id='word_1_165' title='bbox 358 2121 578 2189; x_wconf 90' lang='lat' dir='ltr'>hic,oontentus</span> <span class='ocrx_word' id='word_1_166' title='bbox 588 2121 690 2177; x_wconf 91' lang='lat' dir='ltr'>ordine</span> <span class='ocrx_word' id='word_1_167' title='bbox 702 2124 836 2195; x_wconf 86' lang='lat' dir='ltr'>equestri,</span> <span class='ocrx_word' id='word_1_168' title='bbox 846 2143 905 2197; x_wconf 90' lang='lat' dir='ltr'>quo</span> <span class='ocrx_word' id='word_1_169' title='bbox 917 2135 979 2180; x_wconf 86' lang='lat' dir='ltr'>erat</span> <span class='ocrx_word' id='word_1_170' title='bbox 990 2127 1106 2195; x_wconf 78' lang='lat' dir='ltr'>ortus,&#39;</span> 
     </span>
     <span class='ocr_line' id='line_1_25' title="bbox 221 2197 1089 2276; baseline 0 -22"><span class='ocrx_word' id='word_1_171' title='bbox 221 2197 408 2255; x_wconf 63' lang='lat' dir='ltr'>alfinintenfl</span> <span class='ocrx_word' id='word_1_172' title='bbox 423 2200 552 2275; x_wconf 89' lang='lat' dir='ltr'>pervenit</span> <span class='ocrx_word' id='word_1_173' title='bbox 564 2200 743 2276; x_wconf 88' lang='lat' dir='ltr'>imperatoris</span> <span class='ocrx_word' id='word_1_174' title='bbox 754 2202 820 2257; x_wconf 91' lang='lat' dir='ltr'>Divi</span> <span class='ocrx_word' id='word_1_175' title='bbox 828 2200 988 2276; x_wconf 77' lang='lat' dir='ltr'>iilii3quum</span> <span class='ocrx_word' id='word_1_176' title='bbox 990 2203 1050 2276; x_wconf 89' lang='lat' dir='ltr'>jam</span> <span class='ocrx_word' id='word_1_177' title='bbox 1063 2230 1067 2241; x_wconf 32' lang='lat' dir='ltr'>r</span> <span class='ocrx_word' id='word_1_178' title='bbox 1085 2232 1089 2254; x_wconf 81' lang='lat' dir='ltr'>t</span> 
     </span>
     <span class='ocr_line' id='line_1_26' title="bbox 221 2277 1114 2356; baseline 0.007 -22"><span class='ocrx_word' id='word_1_179' title='bbox 221 2277 438 2336; x_wconf 75' lang='lat' dir='ltr'>familiaritatem</span> <span class='ocrx_word' id='word_1_180' title='bbox 447 2279 585 2353; x_wconf 84' lang='lat' dir='ltr'>ejusesset</span> <span class='ocrx_word' id='word_1_181' title='bbox 593 2291 768 2351; x_wconf 89' lang='lat' dir='ltr'>consecutus,</span> <span class='ocrx_word' id='word_1_182' title='bbox 778 2281 918 2339; x_wconf 76' lang='lat' dir='ltr'>nulldalia</span> <span class='ocrx_word' id='word_1_183' title='bbox 928 2300 958 2337; x_wconf 90' lang='lat' dir='ltr'>re</span> <span class='ocrx_word' id='word_1_184' title='bbox 968 2282 1057 2356; x_wconf 76' lang='lat' dir='ltr'>quim</span> <span class='ocrx_word' id='word_1_185' title='bbox 1067 2284 1114 2340; x_wconf 85' lang='lat' dir='ltr'>el·-</span> 
     </span>
     <span class='ocr_line' id='line_1_27' title="bbox 220 2358 1110 2435; baseline 0.006 -21"><span class='ocrx_word' id='word_1_186' title='bbox 220 2359 315 2434; x_wconf 72' lang='lat' dir='ltr'>gantii</span> <span class='ocrx_word' id='word_1_187' title='bbox 330 2358 393 2414; x_wconf 80' lang='lat' dir='ltr'>vitae</span> <span class='ocrx_word' id='word_1_188' title='bbox 405 2360 462 2434; x_wconf 78' lang='lat' dir='ltr'>qud</span> <span class='ocrx_word' id='word_1_189' title='bbox 476 2371 592 2416; x_wconf 85' lang='lat' dir='ltr'>caeteros</span> <span class='ocrx_word' id='word_1_190' title='bbox 603 2370 715 2434; x_wconf 87' lang='lat' dir='ltr'>ceperat</span> <span class='ocrx_word' id='word_1_191' title='bbox 726 2360 869 2435; x_wconf 84' lang='lat' dir='ltr'>principes</span> <span class='ocrx_word' id='word_1_192' title='bbox 882 2361 999 2417; x_wconf 69' lang='lat' dir='ltr'>civitatis</span> <span class='ocrx_word' id='word_1_193' title='bbox 1004 2401 1014 2430; x_wconf 94' lang='lat'>,</span> <span class='ocrx_word' id='word_1_194' title='bbox 1024 2361 1065 2418; x_wconf 83' lang='lat' dir='ltr'>d·</span> <span class='ocrx_word' id='word_1_195' title='bbox 1086 2362 1110 2411; x_wconf 77' lang='grc' dir='ltr'>ι’</span> 
     </span>
     <span class='ocr_line' id='line_1_28' title="bbox 222 2438 1114 2516; baseline 0.006 -23"><span class='ocrx_word' id='word_1_196' title='bbox 222 2449 276 2493; x_wconf 89' lang='lat' dir='ltr'>tate</span> <span class='ocrx_word' id='word_1_197' title='bbox 284 2438 360 2513; x_wconf 87' lang='lat' dir='ltr'>pari,</span> <span class='ocrx_word' id='word_1_198' title='bbox 371 2439 487 2497; x_wconf 68' lang='lat' dir='ltr'>fortuni</span> <span class='ocrx_word' id='word_1_199' title='bbox 496 2440 657 2498; x_wconf 84' lang='lat' dir='ltr'>humiliore.</span> <span class='ocrx_word' id='word_1_200' title='bbox 667 2440 756 2495; x_wconf 85' lang='lat' dir='ltr'>Tanta</span> <span class='ocrx_word' id='word_1_201' title='bbox 766 2440 840 2495; x_wconf 89' lang='lat' dir='ltr'>enim</span> <span class='ocrx_word' id='word_1_202' title='bbox 851 2440 1056 2516; x_wconf 86' lang='lat' dir='ltr'>prosperitasC</span> <span class='ocrx_word' id='word_1_203' title='bbox 1074 2470 1091 2491; x_wconf 80' lang='lat'>·:</span> <span class='ocrx_word' id='word_1_204' title='bbox 1111 2484 1114 2492; x_wconf 23' lang='grc' dir='ltr'><strong><em>Δ</em></strong></span> 
     </span>
     <span class='ocr_line' id='line_1_29' title="bbox 221 2516 1109 2579; baseline 0.008 -7"><span class='ocrx_word' id='word_1_205' title='bbox 221 2535 281 2572; x_wconf 87' lang='lat' dir='ltr'>rem</span> <span class='ocrx_word' id='word_1_206' title='bbox 293 2516 385 2573; x_wconf 79' lang='lat' dir='ltr'>eum⁵²</span> <span class='ocrx_word' id='word_1_207' title='bbox 398 2530 438 2573; x_wconf 92' lang='lat' dir='ltr'>est</span> <span class='ocrx_word' id='word_1_208' title='bbox 449 2531 600 2574; x_wconf 86' lang='lat' dir='ltr'>consecuta</span> <span class='ocrx_word' id='word_1_209' title='bbox 612 2531 643 2574; x_wconf 90' lang='lat' dir='ltr'>ut</span> <span class='ocrx_word' id='word_1_210' title='bbox 655 2518 726 2573; x_wconf 91' lang='lat' dir='ltr'>nihil</span> <span class='ocrx_word' id='word_1_211' title='bbox 739 2518 765 2574; x_wconf 92' lang='lat' dir='ltr'>ei</span> <span class='ocrx_word' id='word_1_212' title='bbox 774 2537 834 2574; x_wconf 92' lang='lat' dir='ltr'>non</span> <span class='ocrx_word' id='word_1_213' title='bbox 854 2519 986 2575; x_wconf 90' lang='lat' dir='ltr'>tribuerit</span> <span class='ocrx_word' id='word_1_214' title='bbox 1004 2520 1109 2579; x_wconf 88' lang='lat' dir='ltr'>fortun</span> 
     </span>
     <span class='ocr_line' id='line_1_30' title="bbox 221 2595 1102 2672; baseline 0.003 -24"><span class='ocrx_word' id='word_1_215' title='bbox 221 2597 301 2666; x_wconf 91' lang='lat' dir='ltr'>quod</span> <span class='ocrx_word' id='word_1_216' title='bbox 312 2595 445 2669; x_wconf 90' lang='lat' dir='ltr'>cuiquam</span> <span class='ocrx_word' id='word_1_217' title='bbox 453 2599 516 2653; x_wconf 73' lang='lat' dir='ltr'>note</span> <span class='ocrx_word' id='word_1_218' title='bbox 525 2598 671 2665; x_wconf 86' lang='lat' dir='ltr'>detulerit,</span> <span class='ocrx_word' id='word_1_219' title='bbox 678 2609 705 2654; x_wconf 87' lang='lat' dir='ltr'>et</span> <span class='ocrx_word' id='word_1_220' title='bbox 716 2597 874 2655; x_wconf 77' lang='lat' dir='ltr'>conciliirit</span> <span class='ocrx_word' id='word_1_221' title='bbox 886 2599 967 2672; x_wconf 90' lang='lat' dir='ltr'>quod</span> <span class='ocrx_word' id='word_1_222' title='bbox 979 2599 1048 2656; x_wconf 75' lang='lat' dir='ltr'>civis</span> <span class='ocrx_word' id='word_1_223' title='bbox 1058 2602 1102 2657; x_wconf 77' lang='lat' dir='ltr'>R·</span> 
     </span>
     <span class='ocr_line' id='line_1_31' title="bbox 221 2676 1105 2752; baseline 0.006 -23"><span class='ocrx_word' id='word_1_224' title='bbox 221 2691 322 2730; x_wconf 83' lang='lat' dir='ltr'>manus</span> <span class='ocrx_word' id='word_1_225' title='bbox 335 2676 426 2748; x_wconf 85' lang='lat' dir='ltr'>quivit</span> <span class='ocrx_word' id='word_1_226' title='bbox 448 2677 592 2749; x_wconf 90' lang='lat' dir='ltr'>consequi.</span> <span class='ocrx_word' id='word_1_227' title='bbox 611 2679 682 2731; x_wconf 86' lang='lat' dir='ltr'>Nata</span> <span class='ocrx_word' id='word_1_228' title='bbox 700 2690 740 2732; x_wconf 90' lang='lat' dir='ltr'>est</span> <span class='ocrx_word' id='word_1_229' title='bbox 753 2690 848 2733; x_wconf 87' lang='lat' dir='ltr'>autem</span> <span class='ocrx_word' id='word_1_230' title='bbox 864 2677 957 2733; x_wconf 84' lang='lat' dir='ltr'>Attico</span> <span class='ocrx_word' id='word_1_231' title='bbox 975 2679 1069 2752; x_wconf 92' lang='lat' dir='ltr'>neptis</span> <span class='ocrx_word' id='word_1_232' title='bbox 1088 2699 1105 2737; x_wconf 86' lang='lat' dir='ltr'>e</span> 
     </span>
     <span class='ocr_line' id='line_1_32' title="bbox 223 2751 1104 2830; baseline 0.008 -23"><span class='ocrx_word' id='word_1_233' title='bbox 223 2751 367 2827; x_wconf 76' lang='lat' dir='ltr'>sgn&#39;pps,</span> <span class='ocrx_word' id='word_1_234' title='bbox 379 2755 425 2809; x_wconf 92' lang='lat' dir='ltr'>cui</span> <span class='ocrx_word' id='word_1_235' title='bbox 435 2755 574 2830; x_wconf 82' lang='lat' dir='ltr'>virginem</span> <span class='ocrx_word' id='word_1_236' title='bbox 587 2753 675 2810; x_wconf 84' lang='lat' dir='ltr'>filiam</span> <span class='ocrx_word' id='word_1_237' title='bbox 686 2756 848 2813; x_wconf 73' lang='lat' dir='ltr'>collocdmt.</span> <span class='ocrx_word' id='word_1_238' title='bbox 860 2757 940 2810; x_wconf 82' lang='lat' dir='ltr'>liene</span> <span class='ocrx_word' id='word_1_239' title='bbox 952 2756 1061 2826; x_wconf 85' lang='lat' dir='ltr'>Caesar,</span> <span class='ocrx_word' id='word_1_240' title='bbox 1074 2761 1104 2814; x_wconf 85' lang='lat' dir='ltr'>v&#39;</span> 
     </span>
     <span class='ocr_line' id='line_1_33' title="bbox 222 2831 1109 2913; baseline 0.003 -27"><span class='ocrx_word' id='word_1_241' title='bbox 222 2831 398 2902; x_wconf 79' lang='lat' dir='ltr'>anniculam,</span> <span class='ocrx_word' id='word_1_242' title='bbox 411 2834 526 2889; x_wconf 88' lang='lat' dir='ltr'>Tiberio</span> <span class='ocrx_word' id='word_1_243' title='bbox 540 2835 660 2891; x_wconf 89' lang='lat' dir='ltr'>Claudio</span> <span class='ocrx_word' id='word_1_244' title='bbox 670 2836 794 2904; x_wconf 75' lang='lat' dir='ltr'>Neroni,</span> <span class='ocrx_word' id='word_1_245' title='bbox 804 2831 1045 2903; x_wconf 78' lang='lat' dir='ltr'>Drusilli⁵³nato,</span> <span class='ocrx_word' id='word_1_246' title='bbox 1058 2854 1081 2913; x_wconf 86' lang='lat' dir='ltr'>p</span> <span class='ocrx_word' id='word_1_247' title='bbox 1101 2840 1109 2853; x_wconf 80' lang='lat'><em>⁰</em></span> 
     </span>
     <span class='ocr_line' id='line_1_34' title="bbox 220 2911 1107 2987; baseline 0.01 -21"><span class='ocrx_word' id='word_1_248' title='bbox 220 2911 308 2986; x_wconf 77' lang='lat' dir='ltr'>riguo</span> <span class='ocrx_word' id='word_1_249' title='bbox 319 2930 385 2980; x_wconf 74' lang='lat' dir='ltr'>nro,</span> <span class='ocrx_word' id='word_1_250' title='bbox 399 2911 562 2986; x_wconf 84' lang='lat' dir='ltr'>despondit:</span> <span class='ocrx_word' id='word_1_251' title='bbox 573 2933 636 2987; x_wconf 84' lang='lat' dir='ltr'>quae</span> <span class='ocrx_word' id='word_1_252' title='bbox 647 2915 811 2987; x_wconf 84' lang='lat' dir='ltr'>conjunctio</span> <span class='ocrx_word' id='word_1_253' title='bbox 818 2914 1056 2971; x_wconf 85' lang='lat' dir='ltr'>necessitudinem</span> <span class='ocrx_word' id='word_1_254' title='bbox 1065 2934 1107 2975; x_wconf 87' lang='lat' dir='ltr'>eo</span> 
     </span>
     <span class='ocr_line' id='line_1_35' title="bbox 223 2990 1023 3068; baseline 0.001 -22"><span class='ocrx_word' id='word_1_255' title='bbox 223 3008 288 3046; x_wconf 85' lang='lat' dir='ltr'>rum</span> <span class='ocrx_word' id='word_1_256' title='bbox 304 2992 410 3061; x_wconf 81' lang='lat' dir='ltr'>sanxit,</span> <span class='ocrx_word' id='word_1_257' title='bbox 423 2990 638 3066; x_wconf 81' lang='lat' dir='ltr'>familiaritatem</span> <span class='ocrx_word' id='word_1_258' title='bbox 649 2995 774 3050; x_wconf 84' lang='lat' dir='ltr'>reddidit</span> <span class='ocrx_word' id='word_1_259' title='bbox 790 2994 1023 3068; x_wconf 82' lang='lat' dir='ltr'>frequentiorem.</span> 
     </span>
    </p>
   </div>
   <div class='ocr_carea' id='block_1_6' title="bbox 347 3151 995 3203">
    <p class='ocr_par' dir='ltr' id='par_1_7' title="bbox 347 3151 995 3203">
     <span class='ocr_line' id='line_1_36' title="bbox 347 3151 995 3203; baseline 0.003 -4"><span class='ocrx_word' id='word_1_260' title='bbox 347 3154 404 3201; x_wconf 77' lang='lat' dir='ltr'>xx.</span> <span class='ocrx_word' id='word_1_261' title='bbox 423 3152 520 3203; x_wconf 61' lang='grc' dir='ltr'>(ἰωή</span> <span class='ocrx_word' id='word_1_262' title='bbox 532 3162 557 3202; x_wconf 86' lang='lat' dir='ltr'>et</span> <span class='ocrx_word' id='word_1_263' title='bbox 571 3151 669 3203; x_wconf 65' lang='lat' dir='ltr'>somnii</span> <span class='ocrx_word' id='word_1_264' title='bbox 681 3168 736 3203; x_wconf 85' lang='lat' dir='ltr'>eun</span> <span class='ocrx_word' id='word_1_265' title='bbox 750 3153 829 3203; x_wconf 71' lang='lat' dir='ltr'>Attico</span> <span class='ocrx_word' id='word_1_266' title='bbox 844 3153 995 3203; x_wconf 68' lang='lat' dir='ltr'>incutiamus.</span> 
     </span>
    </p>
   </div>
   <div class='ocr_carea' id='block_1_7' title="bbox 223 3304 1107 3458">
    <p class='ocr_par' dir='ltr' id='par_1_8' title="bbox 223 3304 1107 3458">
     <span class='ocr_line' id='line_1_37' title="bbox 260 3304 1091 3380; baseline 0.005 -22"><span class='ocrx_word' id='word_1_267' title='bbox 260 3307 391 3372; x_wconf 70' lang='lat' dir='ltr'>Quamvis</span> <span class='ocrx_word' id='word_1_268' title='bbox 412 3316 476 3360; x_wconf 82' lang='lat' dir='ltr'>ante</span> <span class='ocrx_word' id='word_1_269' title='bbox 494 3305 554 3360; x_wconf 80' lang='lat' dir='ltr'>haec</span> <span class='ocrx_word' id='word_1_270' title='bbox 566 3306 705 3380; x_wconf 75' lang='lat' dir='ltr'>sponsalia</span> <span class='ocrx_word' id='word_1_271' title='bbox 721 3323 781 3359; x_wconf 88' lang='lat' dir='ltr'>non</span> <span class='ocrx_word' id='word_1_272' title='bbox 795 3304 903 3372; x_wconf 84' lang='lat' dir='ltr'>solinu,</span> <span class='ocrx_word' id='word_1_273' title='bbox 917 3324 1007 3380; x_wconf 86' lang='lat' dir='ltr'>quum</span> <span class='ocrx_word' id='word_1_274' title='bbox 1018 3306 1056 3361; x_wconf 80' lang='lat' dir='ltr'>eb</span> <span class='ocrx_word' id='word_1_275' title='bbox 1070 3325 1091 3363; x_wconf 88' lang='lat' dir='ltr'>u</span> 
     </span>
     <span class='ocr_line' id='line_1_38' title="bbox 223 3379 1107 3458; baseline 0.007 -24"><span class='ocrx_word' id='word_1_276' title='bbox 223 3379 257 3434; x_wconf 86' lang='lat' dir='ltr'>be</span> <span class='ocrx_word' id='word_1_277' title='bbox 269 3382 391 3450; x_wconf 73' lang='lat' dir='ltr'>abesset,</span> <span class='ocrx_word' id='word_1_278' title='bbox 404 3403 552 3458; x_wconf 86' lang='lat' dir='ltr'>uunquam</span> <span class='ocrx_word' id='word_1_279' title='bbox 561 3384 599 3441; x_wconf 78' lang='lat' dir='ltr'>ad</span> <span class='ocrx_word' id='word_1_280' title='bbox 613 3403 731 3440; x_wconf 83' lang='lat' dir='ltr'>suorum</span> <span class='ocrx_word' id='word_1_281' title='bbox 743 3401 917 3456; x_wconf 86' lang='lat' dir='ltr'>quemquam</span> <span class='ocrx_word' id='word_1_282' title='bbox 928 3385 1035 3442; x_wconf 86' lang='lat' dir='ltr'>litteras</span> <span class='ocrx_word' id='word_1_283' title='bbox 1048 3386 1091 3440; x_wconf 86' lang='lat' dir='ltr'>m&#39;</span> <span class='ocrx_word' id='word_1_284' title='bbox 1105 3415 1107 3427; x_wconf 90' lang='lat'>·</span> 
     </span>
    </p>
   </div>
   <div class='ocr_carea' id='block_1_8' title="bbox 0 0 1118 3892">
    <p class='ocr_par' dir='ltr' id='par_1_9' title="bbox 0 0 1118 3892">
     <span class='ocr_line' id='line_1_39' title="bbox 0 0 1118 3892; baseline 0 1"><span class='ocrx_word' id='word_1_285' title='bbox 0 0 1118 3892; x_wconf 95' lang='lat' dir='ltr'> </span> 
     </span>
    </p>
   </div>
  </div>
 </body>
</html>
