<?xml version="1.0" encoding="UTF-8"?>
<!DOCTYPE html PUBLIC "-//W3C//DTD XHTML 1.0 Transitional//EN"
    "http://www.w3.org/TR/xhtml1/DTD/xhtml1-transitional.dtd">
<html xmlns="http://www.w3.org/1999/xhtml" xml:lang="en" lang="en">
 <head>
  <title>
</title>
<meta http-equiv="Content-Type" content="text/html;charset=utf-8" />
  <meta name='ocr-system' content='tesseract 3.04.00' />
  <meta name='ocr-capabilities' content='ocr_page ocr_carea ocr_par ocr_line ocrx_word'/>
</head>
<body>
  <div class='ocr_page' id='page_1' title='image "./corneliinepotis10nepogoog_0093.png"; bbox 0 0 2228 3892; ppageno 0'>
   <div class='ocr_carea' id='block_1_1' title="bbox 457 280 643 330">
    <p class='ocr_par' dir='ltr' id='par_1_1' title="bbox 457 280 643 330">
     <span class='ocr_line' id='line_1_1' title="bbox 457 280 643 330; baseline 0.011 -2"><span class='ocrx_word' id='word_1_1' title='bbox 457 280 643 330; x_wconf 78' lang='lat' dir='ltr'><strong>EUMENES.</strong></span> 
     </span>
    </p>
   </div>
   <div class='ocr_carea' id='block_1_2' title="bbox 265 409 861 482">
    <p class='ocr_par' dir='ltr' id='par_1_2' title="bbox 265 409 861 482">
     <span class='ocr_line' id='line_1_2' title="bbox 265 409 861 482; baseline 0.007 -20"><span class='ocrx_word' id='word_1_2' title='bbox 265 415 312 463; x_wconf 79' lang='lat' dir='ltr'>xl.</span> <span class='ocrx_word' id='word_1_3' title='bbox 332 415 448 463; x_wconf 78' lang='lat' dir='ltr'><strong>Eumenes</strong></span> <span class='ocrx_word' id='word_1_4' title='bbox 460 409 585 474; x_wconf 82' lang='lat' dir='ltr'><strong>impatiens</strong></span> <span class='ocrx_word' id='word_1_5' title='bbox 596 409 738 482; x_wconf 85' lang='lat' dir='ltr'>supplicium</span> <span class='ocrx_word' id='word_1_6' title='bbox 748 415 861 482; x_wconf 78' lang='lat' dir='ltr'>postulet.</span> 
     </span>
    </p>
   </div>
   <div class='ocr_carea' id='block_1_3' title="bbox 61 544 1008 2522">
    <p class='ocr_par' dir='ltr' id='par_1_3' title="bbox 61 544 1008 2522">
     <span class='ocr_line' id='line_1_3' title="bbox 146 544 1007 621; baseline 0.005 -20"><span class='ocrx_word' id='word_1_7' title='bbox 146 546 268 614; x_wconf 79' lang='grc'><strong>111011,</strong></span> <span class='ocrx_word' id='word_1_8' title='bbox 280 564 371 618; x_wconf 91' lang='lat' dir='ltr'>quum</span> <span class='ocrx_word' id='word_1_9' title='bbox 385 563 451 600; x_wconf 88' lang='lat' dir='ltr'>eum</span> <span class='ocrx_word' id='word_1_10' title='bbox 463 546 494 598; x_wconf 92' lang='lat' dir='ltr'>in</span> <span class='ocrx_word' id='word_1_11' title='bbox 505 544 662 600; x_wconf 79' lang='lat' dir='ltr'>custodiam</span> <span class='ocrx_word' id='word_1_12' title='bbox 673 544 808 615; x_wconf 90' lang='lat' dir='ltr'>dedisset,</span> <span class='ocrx_word' id='word_1_13' title='bbox 820 557 847 601; x_wconf 87' lang='lat' dir='ltr'>ct</span> <span class='ocrx_word' id='word_1_14' title='bbox 856 547 1007 621; x_wconf 74' lang='lat' dir='ltr'>praefectus</span> 
     </span>
     <span class='ocr_line' id='line_1_4' title="bbox 108 623 1008 699; baseline 0.001 -17"><span class='ocrx_word' id='word_1_15' title='bbox 108 625 258 683; x_wconf 86' lang='lat' dir='ltr'>custodum</span> <span class='ocrx_word' id='word_1_16' title='bbox 281 626 423 699; x_wconf 76' lang='lat' dir='ltr'>quaesisset</span> <span class='ocrx_word' id='word_1_17' title='bbox 442 623 685 696; x_wconf 85' lang='lat' dir='ltr'>quemadmodum</span> <span class='ocrx_word' id='word_1_18' title='bbox 703 625 813 682; x_wconf 79' lang='lat' dir='ltr'>servari</span> <span class='ocrx_word' id='word_1_19' title='bbox 824 626 928 682; x_wconf 88' lang='lat' dir='ltr'>vellet:</span> <span class='ocrx_word' id='word_1_20' title='bbox 943 652 954 678; x_wconf 70' lang='lat' dir='ltr'>a</span> <span class='ocrx_word' id='word_1_21' title='bbox 968 629 1008 685; x_wconf 89' lang='lat' dir='ltr'>Ut</span> 
     </span>
     <span class='ocr_line' id='line_1_5' title="bbox 108 703 1006 780; baseline 0.001 -20"><span class='ocrx_word' id='word_1_22' title='bbox 108 704 297 774; x_wconf 88' lang='lat' dir='ltr'>acerrimum,</span> <span class='ocrx_word' id='word_1_23' title='bbox 309 703 415 776; x_wconf 87' lang='lat' dir='ltr'>inquit,</span> <span class='ocrx_word' id='word_1_24' title='bbox 433 704 561 770; x_wconf 89' lang='lat' dir='ltr'>leonem,</span> <span class='ocrx_word' id='word_1_25' title='bbox 581 713 631 758; x_wconf 85' lang='lat' dir='ltr'>aut</span> <span class='ocrx_word' id='word_1_26' title='bbox 652 703 857 760; x_wconf 83' lang='lat' dir='ltr'>ferocissimum</span> <span class='ocrx_word' id='word_1_27' title='bbox 867 705 1006 780; x_wconf 88' lang='lat' dir='ltr'>elephan-</span> 
     </span>
     <span class='ocr_line' id='line_1_6' title="bbox 108 782 1004 854; baseline 0.001 -15"><span class='ocrx_word' id='word_1_28' title='bbox 108 795 198 839; x_wconf 79' lang='lat' dir='ltr'>tum.»</span> <span class='ocrx_word' id='word_1_29' title='bbox 212 784 350 840; x_wconf 87' lang='lat' dir='ltr'>Nondum</span> <span class='ocrx_word' id='word_1_30' title='bbox 368 782 443 836; x_wconf 89' lang='lat' dir='ltr'>enim</span> <span class='ocrx_word' id='word_1_31' title='bbox 454 792 590 837; x_wconf 87' lang='lat' dir='ltr'>statuerat</span> <span class='ocrx_word' id='word_1_32' title='bbox 604 794 730 839; x_wconf 87' lang='lat' dir='ltr'>servaret</span> <span class='ocrx_word' id='word_1_33' title='bbox 744 802 823 854; x_wconf 90' lang='lat' dir='ltr'>eum,</span> <span class='ocrx_word' id='word_1_34' title='bbox 836 787 1004 841; x_wconf 71' lang='grc'><strong>111011110-</strong></span> 
     </span>
     <span class='ocr_line' id='line_1_7' title="bbox 106 861 1004 938; baseline 0.006 -21"><span class='ocrx_word' id='word_1_35' title='bbox 106 863 203 918; x_wconf 90' lang='lat' dir='ltr'>niebat</span> <span class='ocrx_word' id='word_1_36' title='bbox 221 873 316 917; x_wconf 89' lang='lat' dir='ltr'>autem</span> <span class='ocrx_word' id='word_1_37' title='bbox 332 861 369 916; x_wconf 89' lang='lat' dir='ltr'>ad</span> <span class='ocrx_word' id='word_1_38' title='bbox 387 862 543 916; x_wconf 86' lang='lat' dir='ltr'>Eumenem</span> <span class='ocrx_word' id='word_1_39' title='bbox 555 873 712 936; x_wconf 89' lang='lat' dir='ltr'>utrumque</span> <span class='ocrx_word' id='word_1_40' title='bbox 728 882 816 938; x_wconf 82' lang='lat' dir='ltr'>genus</span> <span class='ocrx_word' id='word_1_41' title='bbox 834 863 1004 922; x_wconf 84' lang='lat' dir='ltr'>hominum:</span> 
     </span>
     <span class='ocr_line' id='line_1_8' title="bbox 106 940 1006 1018; baseline 0.003 -21"><span class='ocrx_word' id='word_1_42' title='bbox 106 941 209 1015; x_wconf 89' lang='lat' dir='ltr'>etqui,</span> <span class='ocrx_word' id='word_1_43' title='bbox 222 953 342 1016; x_wconf 90' lang='lat' dir='ltr'>propter</span> <span class='ocrx_word' id='word_1_44' title='bbox 353 941 464 1011; x_wconf 90' lang='lat' dir='ltr'>odium,</span> <span class='ocrx_word' id='word_1_45' title='bbox 477 940 602 997; x_wconf 79' lang='lat' dir='ltr'>fructum</span> <span class='ocrx_word' id='word_1_46' title='bbox 614 943 703 999; x_wconf 90' lang='lat' dir='ltr'>oculis</span> <span class='ocrx_word' id='word_1_47' title='bbox 715 943 818 1016; x_wconf 86' lang='lat' dir='ltr'>exejus</span> <span class='ocrx_word' id='word_1_48' title='bbox 830 963 898 999; x_wconf 91' lang='lat' dir='ltr'>casu</span> <span class='ocrx_word' id='word_1_49' title='bbox 905 963 1006 1018; x_wconf 85' lang='lat' dir='ltr'>capere</span> 
     </span>
     <span class='ocr_line' id='line_1_9' title="bbox 105 1021 1006 1096; baseline 0.004 -22"><span class='ocrx_word' id='word_1_50' title='bbox 105 1021 224 1089; x_wconf 72' lang='lat' dir='ltr'>vellent,</span> <span class='ocrx_word' id='word_1_51' title='bbox 236 1031 264 1076; x_wconf 90' lang='lat' dir='ltr'>et</span> <span class='ocrx_word' id='word_1_52' title='bbox 278 1022 341 1094; x_wconf 91' lang='lat' dir='ltr'>qui,</span> <span class='ocrx_word' id='word_1_53' title='bbox 354 1032 475 1096; x_wconf 90' lang='lat' dir='ltr'>propter</span> <span class='ocrx_word' id='word_1_54' title='bbox 482 1031 607 1077; x_wconf 87' lang='lat' dir='ltr'>veterem</span> <span class='ocrx_word' id='word_1_55' title='bbox 618 1022 784 1092; x_wconf 87' lang='lat' dir='ltr'>amicitiam,</span> <span class='ocrx_word' id='word_1_56' title='bbox 795 1023 926 1095; x_wconf 88' lang='lat' dir='ltr'>colloqui</span> <span class='ocrx_word' id='word_1_57' title='bbox 938 1041 1006 1078; x_wconf 88' lang='lat' dir='ltr'>con-</span> 
     </span>
     <span class='ocr_line' id='line_1_10' title="bbox 105 1099 1007 1175; baseline 0.003 -21"><span class='ocrx_word' id='word_1_58' title='bbox 105 1099 250 1172; x_wconf 85' lang='lat' dir='ltr'>solarique</span> <span class='ocrx_word' id='word_1_59' title='bbox 261 1113 416 1174; x_wconf 85' lang='lat' dir='ltr'>cuperent3</span> <span class='ocrx_word' id='word_1_60' title='bbox 427 1100 512 1156; x_wconf 91' lang='lat' dir='ltr'>multi</span> <span class='ocrx_word' id='word_1_61' title='bbox 528 1101 612 1156; x_wconf 91' lang='lat' dir='ltr'>etiam</span> <span class='ocrx_word' id='word_1_62' title='bbox 623 1101 673 1175; x_wconf 92' lang='lat' dir='ltr'>qui</span> <span class='ocrx_word' id='word_1_63' title='bbox 685 1102 745 1173; x_wconf 88' lang='lat' dir='ltr'>ejus</span> <span class='ocrx_word' id='word_1_64' title='bbox 763 1101 888 1156; x_wconf 90' lang='lat' dir='ltr'>formam</span> <span class='ocrx_word' id='word_1_65' title='bbox 899 1120 1007 1175; x_wconf 82' lang='lat' dir='ltr'>coguo-</span> 
     </span>
     <span class='ocr_line' id='line_1_11' title="bbox 103 1179 1006 1252; baseline 0.002 -17"><span class='ocrx_word' id='word_1_66' title='bbox 103 1194 182 1235; x_wconf 76' lang='lat' dir='ltr'>seere</span> <span class='ocrx_word' id='word_1_67' title='bbox 193 1179 356 1247; x_wconf 85' lang='lat' dir='ltr'>studebant,</span> <span class='ocrx_word' id='word_1_68' title='bbox 371 1181 461 1252; x_wconf 85' lang='lat' dir='ltr'>qualis</span> <span class='ocrx_word' id='word_1_69' title='bbox 475 1190 545 1236; x_wconf 88' lang='lat' dir='ltr'>essct</span> <span class='ocrx_word' id='word_1_70' title='bbox 561 1199 646 1252; x_wconf 91' lang='lat' dir='ltr'>quem</span> <span class='ocrx_word' id='word_1_71' title='bbox 664 1180 784 1234; x_wconf 90' lang='lat' dir='ltr'>tamdiu</span> <span class='ocrx_word' id='word_1_72' title='bbox 796 1190 911 1252; x_wconf 87' lang='lat' dir='ltr'>tamque</span> <span class='ocrx_word' id='word_1_73' title='bbox 924 1181 1006 1238; x_wconf 85' lang='lat' dir='ltr'>valde</span> 
     </span>
     <span class='ocr_line' id='line_1_12' title="bbox 106 1257 1006 1333; baseline 0.003 -21"><span class='ocrx_word' id='word_1_74' title='bbox 106 1257 273 1326; x_wconf 81' lang='lat' dir='ltr'>timuissent,</span> <span class='ocrx_word' id='word_1_75' title='bbox 286 1259 367 1329; x_wconf 85' lang='lat' dir='ltr'>cujus</span> <span class='ocrx_word' id='word_1_76' title='bbox 380 1259 411 1312; x_wconf 90' lang='lat' dir='ltr'>in</span> <span class='ocrx_word' id='word_1_77' title='bbox 422 1257 551 1332; x_wconf 88' lang='lat' dir='ltr'>pernicie</span> <span class='ocrx_word' id='word_1_78' title='bbox 558 1259 678 1332; x_wconf 88' lang='lat' dir='ltr'>positam</span> <span class='ocrx_word' id='word_1_79' title='bbox 690 1277 768 1333; x_wconf 92' lang='lat' dir='ltr'>spem</span> <span class='ocrx_word' id='word_1_80' title='bbox 779 1259 942 1316; x_wconf 85' lang='lat' dir='ltr'>habuissent</span> <span class='ocrx_word' id='word_1_81' title='bbox 949 1261 1006 1315; x_wconf 90' lang='lat' dir='ltr'>vic·</span> 
     </span>
     <span class='ocr_line' id='line_1_13' title="bbox 61 1336 1006 1410; baseline 0.004 -19"><span class='ocrx_word' id='word_1_82' title='bbox 61 1398 63 1401; x_wconf 49' lang='grc'><strong>,</strong></span> <span class='ocrx_word' id='word_1_83' title='bbox 106 1337 193 1392; x_wconf 86' lang='lat' dir='ltr'>toriae.</span> <span class='ocrx_word' id='word_1_84' title='bbox 214 1339 253 1391; x_wconf 73' lang='lat' dir='ltr'>‘At</span> <span class='ocrx_word' id='word_1_85' title='bbox 272 1337 428 1404; x_wconf 88' lang='lat' dir='ltr'>Eumenes,</span> <span class='ocrx_word' id='word_1_86' title='bbox 448 1355 538 1410; x_wconf 90' lang='lat' dir='ltr'>quum</span> <span class='ocrx_word' id='word_1_87' title='bbox 558 1336 664 1393; x_wconf 86' lang='lat' dir='ltr'>diutius</span> <span class='ocrx_word' id='word_1_88' title='bbox 683 1337 713 1392; x_wconf 86' lang='lat' dir='ltr'>in</span> <span class='ocrx_word' id='word_1_89' title='bbox 727 1339 848 1395; x_wconf 86' lang='lat' dir='ltr'>vinculis</span> <span class='ocrx_word' id='word_1_90' title='bbox 866 1350 951 1407; x_wconf 87' lang='lat' dir='ltr'>esset,</span> <span class='ocrx_word' id='word_1_91' title='bbox 968 1339 1006 1395; x_wconf 87' lang='lat' dir='ltr'>ait</span> 
     </span>
     <span class='ocr_line' id='line_1_14' title="bbox 104 1415 1004 1491; baseline 0.003 -22"><span class='ocrx_word' id='word_1_92' title='bbox 104 1415 306 1485; x_wconf 86' lang='lat' dir='ltr'>Onomarcho,</span> <span class='ocrx_word' id='word_1_93' title='bbox 319 1435 407 1490; x_wconf 88' lang='lat' dir='ltr'>penes</span> <span class='ocrx_word' id='word_1_94' title='bbox 422 1434 507 1488; x_wconf 90' lang='lat' dir='ltr'>quem</span> <span class='ocrx_word' id='word_1_95' title='bbox 526 1435 634 1472; x_wconf 86' lang='lat' dir='ltr'>summa</span> <span class='ocrx_word' id='word_1_96' title='bbox 652 1416 766 1491; x_wconf 91' lang='lat' dir='ltr'>imperii</span> <span class='ocrx_word' id='word_1_97' title='bbox 779 1429 842 1474; x_wconf 88' lang='lat' dir='ltr'>erat</span> <span class='ocrx_word' id='word_1_98' title='bbox 853 1419 1004 1488; x_wconf 59' lang='lat' dir='ltr'>custodiae,</span> 
     </span>
     <span class='ocr_line' id='line_1_15' title="bbox 106 1495 1006 1569; baseline 0.004 -24"><span class='ocrx_word' id='word_1_99' title='bbox 106 1513 158 1550; x_wconf 78' lang='lat' dir='ltr'>«se</span> <span class='ocrx_word' id='word_1_100' title='bbox 177 1495 276 1549; x_wconf 89' lang='lat' dir='ltr'>mirari</span> <span class='ocrx_word' id='word_1_101' title='bbox 293 1513 382 1569; x_wconf 88' lang='lat' dir='ltr'>quare</span> <span class='ocrx_word' id='word_1_102' title='bbox 398 1495 458 1568; x_wconf 88' lang='lat' dir='ltr'>jam</span> <span class='ocrx_word' id='word_1_103' title='bbox 478 1495 594 1550; x_wconf 89' lang='lat' dir='ltr'>tertium</span> <span class='ocrx_word' id='word_1_104' title='bbox 612 1495 687 1552; x_wconf 89' lang='lat' dir='ltr'>diem</span> <span class='ocrx_word' id='word_1_105' title='bbox 703 1497 741 1551; x_wconf 91' lang='lat' dir='ltr'>sie</span> <span class='ocrx_word' id='word_1_106' title='bbox 760 1507 923 1552; x_wconf 86' lang='lat' dir='ltr'>teneretur:</span> <span class='ocrx_word' id='word_1_107' title='bbox 944 1513 1006 1551; x_wconf 84' lang='lat' dir='ltr'>noc</span> 
     </span>
     <span class='ocr_line' id='line_1_16' title="bbox 104 1574 1008 1649; baseline 0.001 -20"><span class='ocrx_word' id='word_1_108' title='bbox 104 1575 181 1629; x_wconf 83' lang='lat' dir='ltr'>enirn</span> <span class='ocrx_word' id='word_1_109' title='bbox 190 1574 246 1629; x_wconf 90' lang='lat' dir='ltr'>hoo</span> <span class='ocrx_word' id='word_1_110' title='bbox 258 1575 412 1630; x_wconf 89' lang='lat' dir='ltr'>convenire</span> <span class='ocrx_word' id='word_1_111' title='bbox 424 1574 560 1649; x_wconf 84' lang='lat' dir='ltr'>Antigoni</span> <span class='ocrx_word' id='word_1_112' title='bbox 574 1574 734 1649; x_wconf 86' lang='lat' dir='ltr'>prudentiae</span> <span class='ocrx_word' id='word_1_113' title='bbox 746 1586 778 1630; x_wconf 89' lang='lat' dir='ltr'>ut</span> <span class='ocrx_word' id='word_1_114' title='bbox 789 1575 827 1630; x_wconf 90' lang='lat' dir='ltr'>sio</span> <span class='ocrx_word' id='word_1_115' title='bbox 840 1576 1008 1631; x_wconf 88' lang='lat' dir='ltr'>deuteretur</span> 
     </span>
     <span class='ocr_line' id='line_1_17' title="bbox 105 1652 1004 1727; baseline 0.003 -20"><span class='ocrx_word' id='word_1_116' title='bbox 105 1653 194 1727; x_wconf 77' lang='lat' dir='ltr'>victo,</span> <span class='ocrx_word' id='word_1_117' title='bbox 206 1653 276 1727; x_wconf 90' lang='lat' dir='ltr'>quin</span> <span class='ocrx_word' id='word_1_118' title='bbox 295 1666 343 1709; x_wconf 91' lang='lat' dir='ltr'>aut</span> <span class='ocrx_word' id='word_1_119' title='bbox 362 1652 484 1710; x_wconf 90' lang='lat' dir='ltr'>interfici</span> <span class='ocrx_word' id='word_1_120' title='bbox 501 1664 551 1709; x_wconf 86' lang='lat' dir='ltr'>aut</span> <span class='ocrx_word' id='word_1_121' title='bbox 567 1653 682 1710; x_wconf 90' lang='lat' dir='ltr'>missum</span> <span class='ocrx_word' id='word_1_122' title='bbox 703 1652 768 1709; x_wconf 88' lang='lat' dir='ltr'>fieri</span> <span class='ocrx_word' id='word_1_123' title='bbox 778 1654 901 1727; x_wconf 89' lang='lat' dir='ltr'>juberet.</span> <span class='ocrx_word' id='word_1_124' title='bbox 915 1678 928 1704; x_wconf 75' lang='lat' dir='ltr'>a</span> <span class='ocrx_word' id='word_1_125' title='bbox 951 1654 1004 1709; x_wconf 89' lang='lat' dir='ltr'>Hic</span> 
     </span>
     <span class='ocr_line' id='line_1_18' title="bbox 104 1732 1003 1807; baseline 0.003 -20"><span class='ocrx_word' id='word_1_126' title='bbox 104 1749 194 1806; x_wconf 90' lang='lat' dir='ltr'>quum</span> <span class='ocrx_word' id='word_1_127' title='bbox 208 1733 331 1789; x_wconf 80' lang='lat' dir='ltr'>ferocius</span> <span class='ocrx_word' id='word_1_128' title='bbox 343 1733 530 1789; x_wconf 87' lang='lat' dir='ltr'>Onomarcho</span> <span class='ocrx_word' id='word_1_129' title='bbox 544 1733 626 1807; x_wconf 91' lang='lat' dir='ltr'>loqui</span> <span class='ocrx_word' id='word_1_130' title='bbox 636 1733 782 1790; x_wconf 81' lang='lat' dir='ltr'>videretur</span> <span class='ocrx_word' id='word_1_131' title='bbox 796 1753 803 1789; x_wconf 92' lang='lat'><strong>:</strong></span> <span class='ocrx_word' id='word_1_132' title='bbox 817 1759 829 1784; x_wconf 79' lang='lat' dir='ltr'>a</span> <span class='ocrx_word' id='word_1_133' title='bbox 842 1732 938 1803; x_wconf 78' lang='lat' dir='ltr'>Quid?</span> <span class='ocrx_word' id='word_1_134' title='bbox 952 1744 1003 1803; x_wconf 91' lang='lat' dir='ltr'>tu,</span> 
     </span>
     <span class='ocr_line' id='line_1_19' title="bbox 105 1811 1005 1889; baseline -0.003 -19"><span class='ocrx_word' id='word_1_135' title='bbox 105 1812 211 1889; x_wconf 90' lang='lat' dir='ltr'>inquit,</span> <span class='ocrx_word' id='word_1_136' title='bbox 223 1811 319 1872; x_wconf 84' lang='lat' dir='ltr'>animo</span> <span class='ocrx_word' id='word_1_137' title='bbox 331 1812 355 1869; x_wconf 89' lang='lat' dir='ltr'>si</span> <span class='ocrx_word' id='word_1_138' title='bbox 367 1813 420 1870; x_wconf 91' lang='lat' dir='ltr'>isto</span> <span class='ocrx_word' id='word_1_139' title='bbox 433 1833 508 1884; x_wconf 88' lang='lat' dir='ltr'>eras,</span> <span class='ocrx_word' id='word_1_140' title='bbox 520 1831 574 1870; x_wconf 89' lang='lat' dir='ltr'>cur</span> <span class='ocrx_word' id='word_1_141' title='bbox 585 1833 645 1869; x_wconf 90' lang='lat' dir='ltr'>non</span> <span class='ocrx_word' id='word_1_142' title='bbox 657 1813 686 1868; x_wconf 89' lang='lat' dir='ltr'>in</span> <span class='ocrx_word' id='word_1_143' title='bbox 697 1815 799 1888; x_wconf 88' lang='lat' dir='ltr'>praelio</span> <span class='ocrx_word' id='word_1_144' title='bbox 812 1813 937 1870; x_wconf 91' lang='lat' dir='ltr'>occidisti</span> <span class='ocrx_word' id='word_1_145' title='bbox 948 1831 1005 1886; x_wconf 88' lang='lat' dir='ltr'>po·</span> 
     </span>
     <span class='ocr_line' id='line_1_20' title="bbox 105 1892 1005 1971; baseline -0.002 -23"><span class='ocrx_word' id='word_1_146' title='bbox 105 1893 159 1971; x_wconf 75' lang='lat' dir='ltr'>tiias</span> <span class='ocrx_word' id='word_1_147' title='bbox 175 1893 264 1968; x_wconf 78' lang='lat' dir='ltr'>quam</span> <span class='ocrx_word' id='word_1_148' title='bbox 279 1894 309 1948; x_wconf 92' lang='lat' dir='ltr'>in</span> <span class='ocrx_word' id='word_1_149' title='bbox 327 1905 495 1968; x_wconf 87' lang='lat' dir='ltr'>potestatem</span> <span class='ocrx_word' id='word_1_150' title='bbox 510 1893 618 1948; x_wconf 88' lang='lat' dir='ltr'>inimici</span> <span class='ocrx_word' id='word_1_151' title='bbox 636 1893 765 1948; x_wconf 79' lang='lat' dir='ltr'>venires?</span> <span class='ocrx_word' id='word_1_152' title='bbox 778 1917 789 1942; x_wconf 82' lang='lat' dir='ltr'>a</span> <span class='ocrx_word' id='word_1_153' title='bbox 811 1892 885 1947; x_wconf 88' lang='lat' dir='ltr'>Huic</span> <span class='ocrx_word' id='word_1_154' title='bbox 897 1893 1005 1946; x_wconf 88' lang='lat' dir='ltr'>Eume-</span> 
     </span>
     <span class='ocr_line' id='line_1_21' title="bbox 105 1970 1004 2044; baseline -0.006 -16"><span class='ocrx_word' id='word_1_155' title='bbox 105 1991 173 2028; x_wconf 90' lang='lat' dir='ltr'>nes:</span> <span class='ocrx_word' id='word_1_156' title='bbox 186 1974 326 2029; x_wconf 74' lang='lat' dir='ltr'>«Utinam</span> <span class='ocrx_word' id='word_1_157' title='bbox 347 1973 463 2044; x_wconf 89' lang='lat' dir='ltr'>quidem</span> <span class='ocrx_word' id='word_1_158' title='bbox 475 1972 549 2026; x_wconf 89' lang='lat' dir='ltr'>istud</span> <span class='ocrx_word' id='word_1_159' title='bbox 570 1971 748 2025; x_wconf 82' lang='lat' dir='ltr'>evenisset³⁰l</span> <span class='ocrx_word' id='word_1_160' title='bbox 765 1970 813 2024; x_wconf 90' lang='lat' dir='ltr'>sed</span> <span class='ocrx_word' id='word_1_161' title='bbox 832 1970 866 2025; x_wconf 81' lang='lat' dir='ltr'>eo</span> <span class='ocrx_word' id='word_1_162' title='bbox 878 1988 938 2024; x_wconf 92' lang='lat' dir='ltr'>non</span> <span class='ocrx_word' id='word_1_163' title='bbox 953 1988 1004 2024; x_wconf 81' lang='lat' dir='ltr'>ac-</span> 
     </span>
     <span class='ocr_line' id='line_1_22' title="bbox 105 2047 1004 2126; baseline 0 -20"><span class='ocrx_word' id='word_1_164' title='bbox 105 2051 171 2109; x_wconf 87' lang='lat' dir='ltr'>cidit</span> <span class='ocrx_word' id='word_1_165' title='bbox 186 2052 266 2126; x_wconf 79' lang='lat' dir='ltr'>quod</span> <span class='ocrx_word' id='word_1_166' title='bbox 288 2069 437 2123; x_wconf 89' lang='lat' dir='ltr'>nunquam</span> <span class='ocrx_word' id='word_1_167' title='bbox 459 2069 526 2106; x_wconf 83' lang='lat' dir='ltr'>curn</span> <span class='ocrx_word' id='word_1_168' title='bbox 537 2047 656 2105; x_wconf 87' lang='lat' dir='ltr'>fortiore</span> <span class='ocrx_word' id='word_1_169' title='bbox 669 2069 731 2105; x_wconf 90' lang='lat' dir='ltr'>sum</span> <span class='ocrx_word' id='word_1_170' title='bbox 749 2067 931 2122; x_wconf 83' lang='lat' dir='ltr'>congressus:</span> <span class='ocrx_word' id='word_1_171' title='bbox 943 2067 1004 2106; x_wconf 92' lang='lat' dir='ltr'>non</span> 
     </span>
     <span class='ocr_line' id='line_1_23' title="bbox 105 2127 1005 2203; baseline 0 -19"><span class='ocrx_word' id='word_1_172' title='bbox 105 2130 258 2188; x_wconf 88' lang='lat' dir='ltr'>enimcum</span> <span class='ocrx_word' id='word_1_173' title='bbox 270 2148 416 2203; x_wconf 87' lang='lat' dir='ltr'>quoquam</span> <span class='ocrx_word' id='word_1_174' title='bbox 434 2149 513 2185; x_wconf 88' lang='lat' dir='ltr'>arma</span> <span class='ocrx_word' id='word_1_175' title='bbox 527 2129 636 2185; x_wconf 92' lang='lat' dir='ltr'>contuli</span> <span class='ocrx_word' id='word_1_176' title='bbox 648 2127 753 2201; x_wconf 86' lang='lat' dir='ltr'>quinis</span> <span class='ocrx_word' id='word_1_177' title='bbox 766 2128 837 2182; x_wconf 91' lang='lat' dir='ltr'>mihi</span> <span class='ocrx_word' id='word_1_178' title='bbox 848 2127 1005 2184; x_wconf 84' lang='lat' dir='ltr'>succubue-</span> 
     </span>
     <span class='ocr_line' id='line_1_24' title="bbox 105 2205 1005 2280; baseline -0.001 -16"><span class='ocrx_word' id='word_1_179' title='bbox 105 2209 151 2264; x_wconf 88' lang='lat' dir='ltr'>rit.</span> <span class='ocrx_word' id='word_1_180' title='bbox 170 2211 235 2265; x_wconf 91' lang='lat' dir='ltr'>Non</span> <span class='ocrx_word' id='word_1_181' title='bbox 257 2211 333 2265; x_wconf 90' lang='lat' dir='ltr'>enim</span> <span class='ocrx_word' id='word_1_182' title='bbox 351 2210 455 2266; x_wconf 87' lang='lat' dir='ltr'>virtute</span> <span class='ocrx_word' id='word_1_183' title='bbox 474 2208 615 2277; x_wconf 89' lang='lat' dir='ltr'>hostium,</span> <span class='ocrx_word' id='word_1_184' title='bbox 637 2208 687 2264; x_wconf 89' lang='lat' dir='ltr'>sed</span> <span class='ocrx_word' id='word_1_185' title='bbox 707 2208 864 2263; x_wconf 90' lang='lat' dir='ltr'>amicorum</span> <span class='ocrx_word' id='word_1_186' title='bbox 882 2205 1005 2280; x_wconf 58' lang='lat' dir='ltr'>perfidi&amp;</span> 
     </span>
     <span class='ocr_line' id='line_1_25' title="bbox 106 2283 1003 2360; baseline -0.006 -17"><span class='ocrx_word' id='word_1_187' title='bbox 106 2287 225 2344; x_wconf 71' lang='lat' dir='ltr'>decidis</span> <span class='ocrx_word' id='word_1_188' title='bbox 233 2290 332 2360; x_wconf 89' lang='lat' dir='ltr'>Neque</span> <span class='ocrx_word' id='word_1_189' title='bbox 338 2288 487 2342; x_wconf 82' lang='lat' dir='ltr'>idfnlsum:</span> <span class='ocrx_word' id='word_1_190' title='bbox 500 2285 620 2341; x_wconf 67' lang='lat' dir='ltr'>namll...</span> <span class='ocrx_word' id='word_1_191' title='bbox 628 2286 807 2360; x_wconf 83' lang='lat' dir='ltr'>Etdignitate</span> <span class='ocrx_word' id='word_1_192' title='bbox 815 2283 1003 2355; x_wconf 70' lang='lat' dir='ltr'>luithonestd,</span> 
     </span>
     <span class='ocr_line' id='line_1_26' title="bbox 106 2363 1005 2438; baseline -0.004 -16"><span class='ocrx_word' id='word_1_193' title='bbox 106 2378 134 2422; x_wconf 90' lang='lat' dir='ltr'>et</span> <span class='ocrx_word' id='word_1_194' title='bbox 146 2367 255 2423; x_wconf 85' lang='lat' dir='ltr'>viribus</span> <span class='ocrx_word' id='word_1_195' title='bbox 267 2367 304 2421; x_wconf 89' lang='lat' dir='ltr'>ad</span> <span class='ocrx_word' id='word_1_196' title='bbox 314 2366 445 2421; x_wconf 90' lang='lat' dir='ltr'>lahorem</span> <span class='ocrx_word' id='word_1_197' title='bbox 457 2365 609 2420; x_wconf 86' lang='lat' dir='ltr'>ferendum</span> <span class='ocrx_word' id='word_1_198' title='bbox 620 2364 710 2420; x_wconf 91' lang='lat' dir='ltr'>firmis</span> <span class='ocrx_word' id='word_1_199' title='bbox 715 2382 825 2438; x_wconf 88' lang='lat' dir='ltr'>,neque</span> <span class='ocrx_word' id='word_1_200' title='bbox 832 2363 889 2418; x_wconf 73' lang='grc'><strong>111111</strong></span> <span class='ocrx_word' id='word_1_201' title='bbox 900 2381 1005 2436; x_wconf 83' lang='lat' dir='ltr'>magno</span> 
     </span>
     <span class='ocr_line' id='line_1_27' title="bbox 106 2443 576 2522; baseline -0.013 -19"><span class='ocrx_word' id='word_1_202' title='bbox 106 2463 231 2522; x_wconf 81' lang='lat' dir='ltr'>corpore</span> <span class='ocrx_word' id='word_1_203' title='bbox 243 2443 331 2520; x_wconf 80' lang='lat' dir='ltr'>quiam</span> <span class='ocrx_word' id='word_1_204' title='bbox 342 2444 436 2520; x_wconf 71' lang='lat' dir='ltr'>figura</span> <span class='ocrx_word' id='word_1_205' title='bbox 448 2446 576 2499; x_wconf 74' lang='lat' dir='ltr'>venusta.</span> 
     </span>
    </p>
   </div>
   <div class='ocr_carea' id='block_1_4' title="bbox 159 2595 954 2725">
    <p class='ocr_par' dir='ltr' id='par_1_4' title="bbox 159 2595 954 2725">
     <span class='ocr_line' id='line_1_28' title="bbox 159 2595 954 2684; baseline -0.003 -29"><span class='ocrx_word' id='word_1_206' title='bbox 159 2609 220 2656; x_wconf 74' lang='grc' dir='ltr'>ΧΗ.</span> <span class='ocrx_word' id='word_1_207' title='bbox 240 2608 368 2672; x_wconf 67' lang='lat' dir='ltr'>Eumenes,</span> <span class='ocrx_word' id='word_1_208' title='bbox 383 2604 414 2653; x_wconf 89' lang='lat' dir='ltr'>de</span> <span class='ocrx_word' id='word_1_209' title='bbox 425 2601 516 2654; x_wconf 90' lang='lat' dir='ltr'>consilii</span> <span class='ocrx_word' id='word_1_210' title='bbox 525 2595 656 2684; x_wconf 72' lang='lat' dir='ltr'>sententia,</span> <span class='ocrx_word' id='word_1_211' title='bbox 671 2599 749 2653; x_wconf 74' lang='lat' dir='ltr'>inedia</span> <span class='ocrx_word' id='word_1_212' title='bbox 761 2609 877 2668; x_wconf 89' lang='lat' dir='ltr'>tentatus,</span> <span class='ocrx_word' id='word_1_213' title='bbox 891 2601 954 2653; x_wconf 77' lang='lat' dir='ltr'>ferro</span> 
     </span>
     <span class='ocr_line' id='line_1_29' title="bbox 474 2683 627 2725; baseline 0.007 -1"><span class='ocrx_word' id='word_1_214' title='bbox 474 2683 627 2725; x_wconf 79' lang='lat' dir='ltr'>consumetur.</span> 
     </span>
    </p>
   </div>
   <div class='ocr_carea' id='block_1_5' title="bbox 103 2827 1004 3452">
    <p class='ocr_par' dir='ltr' id='par_1_5' title="bbox 103 2827 1004 3452">
     <span class='ocr_line' id='line_1_30' title="bbox 140 2827 1001 2903; baseline -0.002 -17"><span class='ocrx_word' id='word_1_215' title='bbox 140 2832 186 2886; x_wconf 84' lang='lat' dir='ltr'>De</span> <span class='ocrx_word' id='word_1_216' title='bbox 198 2829 255 2886; x_wconf 88' lang='lat' dir='ltr'>hoc</span> <span class='ocrx_word' id='word_1_217' title='bbox 269 2828 445 2903; x_wconf 77' lang='lat' dir='ltr'>Antigonus,</span> <span class='ocrx_word' id='word_1_218' title='bbox 457 2847 548 2901; x_wconf 90' lang='lat' dir='ltr'>quum</span> <span class='ocrx_word' id='word_1_219' title='bbox 559 2828 636 2883; x_wconf 90' lang='lat' dir='ltr'>solus</span> <span class='ocrx_word' id='word_1_220' title='bbox 651 2827 823 2883; x_wconf 87' lang='lat' dir='ltr'>constituere</span> <span class='ocrx_word' id='word_1_221' title='bbox 839 2846 899 2882; x_wconf 91' lang='lat' dir='ltr'>non</span> <span class='ocrx_word' id='word_1_222' title='bbox 915 2833 1001 2884; x_wconf 90' lang='lat' dir='ltr'>aude·</span> 
     </span>
     <span class='ocr_line' id='line_1_31' title="bbox 106 2905 1004 2981; baseline -0.006 -16"><span class='ocrx_word' id='word_1_223' title='bbox 106 2919 167 2978; x_wconf 84' lang='lat' dir='ltr'>ret,</span> <span class='ocrx_word' id='word_1_224' title='bbox 180 2909 216 2965; x_wconf 88' lang='lat' dir='ltr'>ad</span> <span class='ocrx_word' id='word_1_225' title='bbox 225 2908 378 2965; x_wconf 84' lang='lat' dir='ltr'>consilium</span> <span class='ocrx_word' id='word_1_226' title='bbox 390 2908 494 2963; x_wconf 88' lang='lat' dir='ltr'>retulit.</span> <span class='ocrx_word' id='word_1_227' title='bbox 502 2908 555 2961; x_wconf 87' lang='lat' dir='ltr'>Hic</span> <span class='ocrx_word' id='word_1_228' title='bbox 563 2924 653 2980; x_wconf 91' lang='lat' dir='ltr'>quum</span> <span class='ocrx_word' id='word_1_229' title='bbox 664 2905 794 2981; x_wconf 91' lang='lat' dir='ltr'>plerique</span> <span class='ocrx_word' id='word_1_230' title='bbox 804 2907 929 2961; x_wconf 82' lang='lat' dir='ltr'>omnes³²</span> <span class='ocrx_word' id='word_1_231' title='bbox 941 2907 1004 2980; x_wconf 73' lang='lat' dir='ltr'>pri-</span> 
     </span>
     <span class='ocr_line' id='line_1_32' title="bbox 103 2986 1004 3062; baseline 0.001 -21"><span class='ocrx_word' id='word_1_232' title='bbox 103 2988 154 3043; x_wconf 80' lang='grc' dir='ltr'>ηιὸ</span> <span class='ocrx_word' id='word_1_233' title='bbox 166 2988 327 3062; x_wconf 87' lang='lat' dir='ltr'>perturbati</span> <span class='ocrx_word' id='word_1_234' title='bbox 338 2986 549 3041; x_wconf 85' lang='lat' dir='ltr'>admirarentur</span> <span class='ocrx_word' id='word_1_235' title='bbox 562 3005 622 3041; x_wconf 90' lang='lat' dir='ltr'>non</span> <span class='ocrx_word' id='word_1_236' title='bbox 628 2987 688 3059; x_wconf 90' lang='lat' dir='ltr'>jam</span> <span class='ocrx_word' id='word_1_237' title='bbox 700 2987 735 3042; x_wconf 92' lang='lat' dir='ltr'>de</span> <span class='ocrx_word' id='word_1_238' title='bbox 748 3005 782 3042; x_wconf 89' lang='lat' dir='ltr'>eo</span> <span class='ocrx_word' id='word_1_239' title='bbox 793 2996 938 3058; x_wconf 90' lang='lat' dir='ltr'>sumptum</span> <span class='ocrx_word' id='word_1_240' title='bbox 947 3003 1004 3042; x_wconf 83' lang='lat' dir='ltr'>essa</span> 
     </span>
     <span class='ocr_line' id='line_1_33' title="bbox 106 3063 1003 3141; baseline 0.002 -23"><span class='ocrx_word' id='word_1_241' title='bbox 106 3065 277 3141; x_wconf 87' lang='lat' dir='ltr'>supplicium</span> <span class='ocrx_word' id='word_1_242' title='bbox 295 3084 383 3138; x_wconf 91' lang='lat' dir='ltr'>aquo</span> <span class='ocrx_word' id='word_1_243' title='bbox 403 3076 445 3120; x_wconf 91' lang='lat' dir='ltr'>tot</span> <span class='ocrx_word' id='word_1_244' title='bbox 465 3085 555 3121; x_wconf 89' lang='lat' dir='ltr'>annos</span> <span class='ocrx_word' id='word_1_245' title='bbox 573 3066 645 3121; x_wconf 80' lang='lat' dir='ltr'>adeo</span> <span class='ocrx_word' id='word_1_246' title='bbox 666 3077 756 3121; x_wconf 90' lang='lat' dir='ltr'>essent</span> <span class='ocrx_word' id='word_1_247' title='bbox 774 3063 847 3119; x_wconf 71' lang='lat' dir='ltr'>male</span> <span class='ocrx_word' id='word_1_248' title='bbox 864 3063 955 3118; x_wconf 89' lang='lat' dir='ltr'>habiti</span> <span class='ocrx_word' id='word_1_249' title='bbox 973 3075 1003 3120; x_wconf 77' lang='lat' dir='ltr'>ut</span> 
     </span>
     <span class='ocr_line' id='line_1_34' title="bbox 107 3143 1003 3220; baseline 0.001 -24"><span class='ocrx_word' id='word_1_250' title='bbox 107 3160 179 3220; x_wconf 88' lang='lat' dir='ltr'>saepe</span> <span class='ocrx_word' id='word_1_251' title='bbox 191 3145 227 3200; x_wconf 91' lang='lat' dir='ltr'>ad</span> <span class='ocrx_word' id='word_1_252' title='bbox 247 3145 474 3218; x_wconf 89' lang='lat' dir='ltr'>desperationem</span> <span class='ocrx_word' id='word_1_253' title='bbox 492 3145 588 3200; x_wconf 82' lang='lat' dir='ltr'>forent</span> <span class='ocrx_word' id='word_1_254' title='bbox 606 3145 733 3212; x_wconf 89' lang='lat' dir='ltr'>adducti,</span> <span class='ocrx_word' id='word_1_255' title='bbox 746 3144 854 3217; x_wconf 90' lang='lat' dir='ltr'>quique</span> <span class='ocrx_word' id='word_1_256' title='bbox 866 3143 1003 3198; x_wconf 84' lang='lat' dir='ltr'>maximos</span> 
     </span>
     <span class='ocr_line' id='line_1_35' title="bbox 107 3221 1002 3296; baseline -0.006 -17"><span class='ocrx_word' id='word_1_257' title='bbox 107 3223 216 3279; x_wconf 81' lang='lat' dir='ltr'>duces³³</span> <span class='ocrx_word' id='word_1_258' title='bbox 230 3223 553 3296; x_wconf 81' lang='lat' dir='ltr'>interfecissct3denique</span> <span class='ocrx_word' id='word_1_259' title='bbox 566 3225 728 3295; x_wconf 90' lang='lat' dir='ltr'>inquouno</span> <span class='ocrx_word' id='word_1_260' title='bbox 742 3235 812 3279; x_wconf 88' lang='lat' dir='ltr'>esset</span> <span class='ocrx_word' id='word_1_261' title='bbox 819 3221 954 3277; x_wconf 78' lang='lat' dir='ltr'>tantiam³³</span> <span class='ocrx_word' id='word_1_262' title='bbox 963 3231 1002 3289; x_wconf 84' lang='lat' dir='ltr'>ut,</span> 
     </span>
     <span class='ocr_line' id='line_1_36' title="bbox 107 3299 994 3376; baseline -0.005 -18"><span class='ocrx_word' id='word_1_263' title='bbox 107 3303 203 3376; x_wconf 88' lang='lat' dir='ltr'>quoad</span> <span class='ocrx_word' id='word_1_264' title='bbox 215 3303 262 3358; x_wconf 90' lang='lat' dir='ltr'>ille</span> <span class='ocrx_word' id='word_1_265' title='bbox 272 3303 392 3370; x_wconf 85' lang='lat' dir='ltr'>viveret,</span> <span class='ocrx_word' id='word_1_266' title='bbox 405 3302 459 3376; x_wconf 86' lang='lat' dir='ltr'>ipsi</span> <span class='ocrx_word' id='word_1_267' title='bbox 470 3302 625 3358; x_wconf 87' lang='lat' dir='ltr'>securiesse</span> <span class='ocrx_word' id='word_1_268' title='bbox 632 3321 692 3358; x_wconf 92' lang='lat' dir='ltr'>non</span> <span class='ocrx_word' id='word_1_269' title='bbox 702 3313 833 3376; x_wconf 84' lang='lat' dir='ltr'>possent3</span> <span class='ocrx_word' id='word_1_270' title='bbox 844 3299 994 3355; x_wconf 82' lang='lat' dir='ltr'>interfecto</span> 
     </span>
     <span class='ocr_line' id='line_1_37' title="bbox 108 3378 1002 3452; baseline 0 -14"><span class='ocrx_word' id='word_1_271' title='bbox 108 3381 180 3439; x_wconf 85' lang='lat' dir='ltr'>nihil</span> <span class='ocrx_word' id='word_1_272' title='bbox 195 3381 323 3438; x_wconf 90' lang='lat' dir='ltr'>habituri</span> <span class='ocrx_word' id='word_1_273' title='bbox 337 3381 445 3452; x_wconf 79' lang='lat' dir='ltr'>negotii</span> <span class='ocrx_word' id='word_1_274' title='bbox 467 3388 570 3450; x_wconf 73' lang='lat' dir='ltr'>essent,</span> <span class='ocrx_word' id='word_1_275' title='bbox 591 3383 753 3448; x_wconf 80' lang='lat' dir='ltr'>postremo,</span> <span class='ocrx_word' id='word_1_276' title='bbox 768 3381 792 3436; x_wconf 91' lang='lat' dir='ltr'>si</span> <span class='ocrx_word' id='word_1_277' title='bbox 810 3379 852 3436; x_wconf 88' lang='lat' dir='ltr'>illi</span> <span class='ocrx_word' id='word_1_278' title='bbox 870 3378 1002 3438; x_wconf 83' lang='lat' dir='ltr'>redderet</span> 
     </span>
    </p>
   </div>
   <div class='ocr_carea' id='block_1_6' title="bbox 0 0 1118 3892">
    <p class='ocr_par' dir='ltr' id='par_1_6' title="bbox 0 0 1118 3892">
     <span class='ocr_line' id='line_1_38' title="bbox 0 0 1118 3892; baseline 0 0"><span class='ocrx_word' id='word_1_279' title='bbox 0 0 1118 3892; x_wconf 95' lang='lat' dir='ltr'> </span> 
     </span>
    </p>
   </div>
  </div>
 </body>
</html>
