2228 3892
477 378 695 426 ARISTNlES.
1005 392 1033 441 13

140 499 214 537 nean·
222 480 420 557 proeberet(ex
435 483 491 555 qua
512 482 628 556 regione
649 481 852 556 quinquaginta
865 482 890 538 ei
908 483 1036 539 talenta³⁵

139 560 291 633 quotannis
306 559 675 636 redibant);Lampsacum,
688 581 725 615 an
778 562 879 616 vanum
896 575 1036 632 sumeret,

138 641 303 713 Myuntem,
318 659 357 694 ea
371 640 432 714 qud
447 640 596 694 obsonium
612 563 841 712 haberetaellujus
856 639 893 695 ad
908 652 1035 696 nostram

138 719 305 773 memoriam
313 730 496 773 monumenta
508 729 675 775 manserunt
684 719 759 774 duo:
771 719 934 792 sepulcrum
942 737 1035 794 prope

138 795 313 871 oppidumffi,
322 797 351 851 in
367 815 426 869 quo
441 806 481 852 est
496 799 637 870 sepultus3
650 809 747 854 statuae
757 797 862 852 infore
875 799 1033 872 Magnesiae.

138 875 183 929 De
205 872 288 947 cujus
306 887 399 931 morte
421 875 594 932 multimodis
623 877 700 951 apud
725 877 878 952 plerosque
896 877 1034 952 scriptum

138 964 193 1022 est3
205 955 255 1008 sed
270 974 323 1010 nos
337 955 467 1010 eumdem
484 955 660 1028 potissimirm
672 956 870 1031 Thucydidem
888 967 1033 1012 auctorem

136 1031 308 1106 probamus,
316 1035 371 1108 qui
383 1035 462 1088 illurn
476 1035 514 1089 ait
525 1036 675 1110 Magnesiae
687 1034 791 1090 morbo
803 1045 966 1089 mortuum:
978 1053 1033 1089 ne-

135 1127 192 1182 que
208 1123 293 1186 negat
310 1113 393 1168 fuisse
412 1113 515 1168 famam
530 1133 673 1168 venenum
689 1115 740 1170 sna
757 1124 857 1187 sponte
869 1113 1032 1186 sumpsisse,

136 1207 227 1261 quum
238 1209 280 1258 se,
289 1210 352 1264 quae
364 1193 426 1265 regi
437 1193 472 1247 de
485 1193 594 1246 Graecia
602 1191 790 1266 opprimenda
797 1191 939 1265 pollicitus
948 1205 1030 1262 esset,

136 1280 271 1340 praestare
283 1287 364 1342 posse
378 1272 548 1344 desperaret.
560 1270 652 1339 Idem,
668 1290 729 1325 ossa
741 1270 801 1342 ejus
813 1271 886 1325 clam
896 1271 927 1324 in
939 1271 1031 1329 Aenea

133 1345 170 1399 ab
182 1348 278 1402 amicis
291 1366 349 1403 esse
361 1350 486 1423 sepulta,
501 1349 635 1421 quoniam
653 1349 763 1423 legibus
779 1369 840 1404 non
852 1350 1029 1406 concedere·

81 1431 83 1435 ’
134 1435 190 1496 tur,
205 1426 285 1499 quod
300 1427 470 1501 proditionis
481 1439 551 1484 esset
562 1429 724 1497 damnatus,
735 1427 878 1487 memoriae
890 1429 1028 1503 prodidit.

915 1550 944 1562 r*
991 1551 997 1556 ·

133 1571 431 1591 mmmmmxnmnne
436 1509 1029 1602 mmmmmmmwwumwwxjnm

398 1705 400 1709 >
426 1671 713 1742 ARISTIDES.

177 1808 245 1924 fiir.
263 1839 284 1884 1.
303 1833 417 1914 Aristides
426 1836 502 1900 justus
515 1841 614 1901 propter
625 1833 736 1884 virtutem
747 1834 872 1884 mulctatur
882 1833 972 1885 exsilio.

168 1970 501 2044 Amsrmns,Lysimachi
517 1969 607 2037 filius,
619 1968 812 2034 Atheniensis,
829 1966 952 2042 aequalis¹
966 1967 1026 2025 feria
1075 1961 1090 1978 ⁵

129 2047 183 2103 luit
193 2048 384 2104 Themistocli.
403 2050 501 2122 Itaque
514 2067 578 2104 cum
593 2067 627 2103 eo
639 2048 675 2103 de
690 2047 852 2122 principatu
863 2047 1024 2102 contendit:

129 2144 251 2200 namque
263 2128 461 2183 obtrectarunt
473 2128 547 2182 inter
564 2146 600 2182 se.
616 2128 650 2181 In
662 2127 707 2182 his
722 2137 816 2181 autem
826 2126 973 2200 cognitum
984 2137 1025 2182 est

128 2206 235 2278 quanti>
247 2209 391 2262 antistaret
403 2207 563 2279 eloquentia
578 2205 752 2261 innocentiae.
767 2208 937 2278 Quanquam
948 2205 1023 2260 enim

128 2284 199 2339 adei>
214 2286 367 2341 excellebat
384 2286 521 2341 Aristides
537 2285 704 2340 abstinentia
715 2294 749 2339 ut
759 2303 833 2338 unus
845 2294 910 2358 post
922 2283 1021 2338 homi-
1066 2321 1069 2328 -

127 2382 198 2418 num
215 2365 397 2433 memoriam,
413 2365 493 2437 quod
505 2365 621 2436 quidem
636 2383 689 2450 pos
709 2362 896 2428 audierimus,
908 2380 1022 2434 cogno‘

126 2441 202 2496 mine
215 2444 316 2498 luscus
327 2444 361 2498 sit
374 2443 546 2517 appellatus,
559 2453 653 2495 tamen
665 2460 681 2493 a
693 2438 881 2494 Themistocle
893 2439 1022 2495 collabe-

127 2518 229 2575 factus²
249 2522 348 2610 testhgi
360 2521 379 2574 il
442 2520 539 2574 exsilio
551 2519 798 2579 decemanuorum
809 2518 959 2574 mulctatus
972 2529 1021 2577 est.

104 2575 184 2689 [ᾶυί
196 2561 312 2671 qdidem
328 2618 367 2672 qu
432 2598 600 2672 intelligeret
614 2597 731 2673 reprimi
744 2597 911 2653 concitatam
922 2597 1022 2654 multi-

126 2676 328 2738 tudinemnon
339 2697 436 2752 posse,
448 2679 606 2751 cedensque
618 2676 856 2732 animadverteret
868 2677 1020 2750 quemdam

125 2756 295 2813 scribentem
313 2768 346 2812 ut
360 2758 451 2831 patrii
469 2757 642 2832 pelleretur,
663 2757 791 2829 quaesisse
808 2754 844 2809 ab
865 2774 899 2812 eo
916 2756 1020 2812 dicitur

126 2852 214 2907 quare
227 2836 256 2892 id
268 2837 385 2903 faceret,
395 2849 444 2892 aut
457 2836 526 2908 quid
537 2835 673 2892 Aristides
686 2835 866 2890 commisisset
879 2854 932 2891 cur
943 2835 1020 2891 tanti

125 2915 210 2988 poena
229 2916 332 2990 dignus
348 2917 510 2972 duceretur.
531 2915 585 2970 Cui
604 2915 651 2970 ille
671 2914 818 2989 respondit
836 2932 864 2970 se
884 2914 1020 2988 ignorare
1071 2984 1073 2989 Ι

125 2993 292 3062 Aristidem,
304 2995 353 3050 sed
371 2995 424 3052 sibi
436 3013 496 3050 non
510 2994 623 3068 placere
638 2995 718 3067 quod
734 3005 791 3049 tam
803 2992 905 3066 cupide
917 2993 1017 3049 elabo-
1077 3012 1080 3046 J

126 3073 214 3127 risset
226 3085 259 3127 ut
275 3086 380 3147 praeter
391 3087 505 3131 caeteros
518 3075 617 3130 laetus
634 3073 834 3148 appellaretur.
850 3073 903 3128 Hic
920 3073 1018 3128 decem

126 3168 269 3207 annorum
280 3153 431 3228 legitimam
442 3173 555 3229 poenam
564 3172 624 3208 non
633 3152 765 3227 pertulit:
777 3170 855 3219 nam,
867 3163 1017 3224 postquam

126 3229 237 3284 Xerxes
255 3231 284 3286 in
304 3235 441 3290 Graeciam
458 3233 616 3302 descendit,
640 3232 732 3288 sexto⁴
747 3231 806 3287 fere
829 3248 905 3285 anno
930 3227 1017 3301 quiam

126 3318 187 3370 erat
196 3311 336 3384 expulsus,
345 3313 513 3388 populiscito
519 3313 548 3366 in
555 3312 676 3386 patriam
685 3311 881 3369 restitutusest.
887 3307 1017 3365 Interfuit

125 3398 220 3447 autem
230 3388 333 3466 pugnae
346 3393 438 3469 navali
449 3392 527 3468 apud
538 3391 693 3460 Salamina,
705 3407 768 3464 quae
781 3386 854 3444 tacu
866 3398 910 3443 est
918 3387 1015 3460 prius-

123 3487 209 3541 quam
221 3471 306 3544 poeni
315 3469 556 3787 Ἣ
