2228 3892
501 279 604 323 oron.
974 292 1009 344 39

110 370 216 444 accepi
235 368 433 444 gravissimum
453 386 556 442 parens
577 367 682 425 vulnus
701 378 796 424 morte
816 365 875 422 lilii.
896 368 1008 426 Deinde

112 458 174 505 orte
185 446 320 505 dissensio
331 458 371 503 est
391 447 466 502 inter
484 464 550 502 cern
569 458 598 502 et
608 447 804 503 Heraclidem:
816 445 867 520 qui
877 446 1005 520 quidem,

112 527 199 582 Dioni
208 526 400 602 principatum
411 544 472 581 non
482 526 650 596 concedens,
663 526 815 584 factionem
824 527 1006 600 comparauit.

112 605 344 680 Nequeisminirs
353 603 464 660 vitetur
475 605 553 679 apud
563 605 725 679 optimates,
733 624 860 678 quorum
868 623 1005 666 comem

47 685 50 688 ’
111 694 229 758 penem
240 685 335 753 clussi,
351 702 441 757 qurum
452 684 531 739 Dion
542 683 702 739 exercitum
713 684 872 759 pedestrem
888 695 999 741 teneret

110 763 178 820 Nom
187 763 251 818 tulit
265 764 323 817 hoc
333 763 429 818 animo
439 781 524 835 aquo
533 763 623 831 Dion,
638 773 665 818 et
676 781 791 820 versu·
797 763 878 818 illum
887 764 997 821 Homer

110 841 205 898 retulit
223 859 259 897 ex
273 841 399 897 secundi-
413 840 603 916 rbrpsodid¹⁸,
615 841 645 896 iu
656 860 717 916 qno
731 842 792 898 hcc
800 842 935 899 sententio
945 854 998 900 est.

48 913 55 922 Χ
111 920 177 976 Non
192 939 282 994 posse
302 921 372 976 bene
390 922 455 996 geri
471 922 675 995 rempublicam
693 925 846 978 multorum
868 922 1004 997 inmeriti.

110 998 195 1068 Quod
207 999 315 1055 dictum
326 1018 427 1074 mrgnn
441 998 572 1055 invidiu¹³
581 1011 731 1057 corrseeuta
742 1011 784 1057 est
792 1018 929 1072 :namque
940 1019 1005 1075 ape·

108 1077 200 1134 misse
209 1079 360 1135 videbatur
372 1098 400 1135 se
412 1078 507 1135 omnia
518 1079 548 1134 in
561 1080 611 1135 sul
622 1090 824 1153 potestateesse
832 1079 913 1133 velle.
925 1079 1006 1134 Hane

108 1156 156 1214 itte
169 1176 228 1212 uon
242 1157 333 1213 lenire
351 1158 507 1232 obsequio,
522 1158 571 1213 sed
587 1158 740 1212 acerbitate
759 1156 922 1230 opprimere
940 1168 1004 1214 stu·

107 1235 185 1305 duit,
199 1236 452 1310 Heraclidcmque,
471 1253 562 1308 quum
578 1237 732 1311 Spurcum
746 1235 883 1305 venisset,
893 1232 1004 1294 interb-

108 1312 241 1369 cleudum
250 1313 369 1368 curavit

153 1463 207 1508 vtt
228 1459 289 1508 Ilion
300 1458 464 1524 largitionibus
477 1459 576 1509 militem
587 1461 709 1520 concilim
723 1460 808 1510 unitur
820 1459 955 1527 optimates,

421 1539 533 1595 tyrannus
548 1531 689 1596 appellatur.

147 1666 232 1734 Qoon
253 1663 358 1718 factum
389 1662 521 1719 omnibus
546 1661 701 1719 maximum
726 1662 859 1720 timorem
889 1661 1001 1735 injecit:

106 1759 189 1799 nemo
199 1741 288 1810 eninr,
302 1741 352 1798 illo
365 1740 529 1810 interfecto,
542 1760 570 1798 sc
584 1752 676 1798 tutum
691 1741 816 1817 putabat
830 1742 881 1797 Ille
895 1752 1002 1809 autem,

105 1821 267 1878 adversario
285 1832 413 1892 remoto,
429 1821 557 1878 licentiis
571 1839 673 1878 eorum
694 1821 789 1889 bona,
809 1839 881 1894 quos
899 1819 1003 1876 sciebat

104 1899 239 1956 adversim
253 1919 282 1955 se
294 1899 424 1968 sensisse,
435 1900 571 1955 militibus
586 1900 752 1973 dispertivit.
770 1901 880 1969 Quibus
892 1898 1001 1965 divisis,

105 1997 194 2051 quum
207 1977 366 2051 quotidiani
379 1976 494 2032 maximi
505 1976 607 2032 fierent
618 1988 760 2051 sumptus,
772 1976 903 2031 celeriter
912 1993 1002 2050 pecu·

105 2055 151 2112 nia
165 2057 260 2113 deesse
274 2055 376 2131 carpit,
393 2074 501 2130 neque,
519 2055 579 2130 qud
591 2073 692 2111 manus
709 2055 884 2130 porrigeret,
896 2071 1001 2128 suppe-

104 2135 188 2203 tebat,
200 2134 253 2191 nisi
265 2134 294 2190 in
307 2135 463 2191 amicorum
469 2135 664 2209 possessiones.
670 2134 705 2189 Id
711 2134 850 2206 ejusmodi
861 2129 950 2188 erat¹⁹
961 2143 1001 2201 ut,

104 2233 192 2287 quum
204 2214 534 2285 militesrcconcililsset,
548 2213 689 2270 amitteret
703 2213 859 2287 optimates.
873 2214 1001 2280 Quarum

106 2310 203 2348 rerum
216 2297 287 2348 curt
299 2291 491 2367 frangebatur,
501 2304 537 2362 et,
549 2293 674 2349 insuetus
686 2293 758 2346 mele
766 2289 1000 2359 sudierrdiwmou

105 2389 187 2445 equo
201 2371 297 2427 anirno
309 2370 416 2428 serebat
431 2371 468 2428 de
479 2390 512 2427 se
520 2371 556 2426 ab
569 2372 613 2425 his
624 2369 697 2424 male
711 2368 864 2423 existimari
875 2385 1000 2439 quorum

105 2452 191 2523 paulo
203 2451 266 2507 ente
283 2450 313 2505 in
331 2450 435 2506 coelum
449 2447 542 2508 fuerat
560 2449 649 2501 elatus
665 2445 805 2500 laudibus.
816 2444 927 2517 Vulgus
944 2463 1000 2500 eu·

106 2537 172 2598 tem,
177 2527 285 2584 offensi
293 2528 323 2582 in
336 2545 401 2583 eum
413 2525 535 2594 militurn
545 2520 726 2592 voluntatem,
734 2523 850 2579 liberiirs
860 2521 1000 2597 loquebe·

106 2616 161 2675 tur,
174 2618 204 2662 et
212 2616 366 2681 tyrannum
378 2623 437 2660 nou
451 2595 601 2660 ferendum
613 2601 766 2659 dictitabat.
832 2641 835 2645 -

288 2758 357 2804 Vlll.
377 2754 439 2804 Dion
451 2747 581 2804 Culllrretis
592 2751 682 2802 insidiis
695 2751 819 2820 deripitur.

106 2862 121 2896 ὁ
143 2895 210 2950 Heu
221 2893 268 2948 ille
280 2890 401 2960 intuens,
412 2908 512 2965 quum,
524 2889 768 2964 quemadmodum
778 2889 896 2960 sederet,
907 2889 995 2947 nesci·

104 2984 162 3041 ret,
174 2983 214 3040 et,
226 2988 365 3045 quorsum
383 2970 548 3039 evaderent,
561 2969 682 3040 timeret,
691 2970 854 3026 Callicrates
864 2966 996 3043 quidam,

104 3051 171 3106 civis
187 3049 380 3118 Atheniensis,
396 3050 447 3124 qni
466 3048 549 3107 simul
564 3068 630 3106 cum
645 3067 681 3106 eo
701 3066 736 3104 ex
756 3047 955 3123 Peloponneso
966 3046 995 3103 in

104 3129 229 3187 Siciliam
239 3139 369 3199 venerat,
384 3129 473 3185 borno
483 3141 511 3186 et
521 3128 640 3186 callidus
651 3138 680 3184 et
692 3126 728 3184 ed
741 3125 873 3184 srmduu
881 3134 996 3197 acums,

104 3207 162 3266 siue
176 3210 235 3266 ultt
246 3209 384 3284 religione
400 3228 431 3265 ac
445 3207 517 3276 lide,
533 3206 592 3263 adit
606 3205 831 3276 adllionemsst
842 3203 896 3269 eit,
910 3220 996 3262 «eun

105 3278 252 3369 iumagus
267 3289 401 3366 periculo
415 3306 488 3357 esse,
506 3298 630 3363 propter
644 3284 835 3343 offensionem
850 3282 953 3361 populi
968 3294 997 3342 et

106 3369 205 3432 odium
215 3371 352 3440 militum
361 3365 441 3444 quod
452 3366 533 3424 nullo
543 3365 634 3424 modo
643 3365 753 3421 euitare
765 3374 874 3438 posset,
881 3363 937 3422 nisi
948 3365 995 3421 ali·
