2228 3892
109 388 125 435 8
372 382 569 434 CORNELII
587 387 754 438 NEPOTIS

109 481 161 535 bus
182 479 247 535 suis.
267 479 496 538 Deliberantibus
516 481 618 557 Pythia
640 482 789 556 respondit
812 494 845 537 ut
865 484 1004 540 moenibus

107 558 207 631 ligneis
218 578 247 614 se
309 560 409 615 nirent.
423 561 455 616 Id
462 579 630 636 responsum
644 563 703 635 que
714 559 843 629 valeretl,
857 581 947 635 quum
958 563 1005 619 iu·

108 579 370 710 telligeret'ffiino,
392 639 593 696 Themistocles
614 642 751 716 persuasit
775 640 923 696 consilinm
947 660 1005 698 esse

107 716 248 789 Apollinis
264 729 296 772 ut
310 718 336 772 in
358 738 441 775 naves
455 739 483 776 se
500 739 607 794 suaque
625 720 790 776 conferrent
803 739 810 774 ε
823 719 977 775 cumcuim
988 741 1005 776 a

107 792 162 850 deo
179 794 330 869 significari
353 818 468 853 murum
490 799 626 872 ligneum.
647 801 708 855 Tali
727 799 845 856 consilio
864 799 1005 874 probato,

107 873 216 929 addunt
227 875 261 929 ad
275 877 447 950 superiores⁸
455 879 573 933 totidem
578 898 662 934 naves
674 879 809 945 triremes,
819 898 928 952 suaque
939 896 1005 934 om-

106 951 169 1023 nia,
191 972 254 1025 quae
277 956 386 1011 moveri
410 969 562 1031 poterant,
587 960 693 1032 partim
714 956 869 1024 Salamiua,
900 957 1004 1032 partim

106 1031 245 1088 Troezena
256 1047 417 1121 asportant}
435 1055 530 1092 arcem
548 1037 740 1092 sacerdotibus
763 1037 917 1110 paucisque
935 1054 1001 1090 ma-

109 1110 215 1180 joribus
231 1125 298 1169 natu
311 1134 343 1170 ac
355 1134 434 1171 sacra
447 1117 632 1191 procuranda
646 1117 777 1189 tradunt,
790 1116 934 1188 reliquum
947 1131 1003 1189 op-

109 1187 204 1256 pidum
218 1193 392 1267 relinquunt
856 1252 882 1299 3
976 1226 979 1231 ·

171 1322 217 1368 111.
238 1320 406 1372 Themistocles
418 1332 509 1390 pugnat
518 1326 622 1374 secundo
632 1322 715 1391 praelio
724 1324 755 1372 ad
764 1322 923 1372 Artemrsium.

143 1439 236 1497 Huius
246 1443 395 1499 consilium
409 1443 552 1518 plerisque
569 1443 726 1500 civitatibus
738 1442 919 1516 displicebat,
934 1441 1002 1497 etin

104 1520 181 1575 terra
200 1520 328 1578 dimicari
346 1523 433 1598 magis
451 1524 589 1599 placebat
608 1524 708 1596 Itaque
725 1521 801 1577 missi
818 1533 885 1576 sunt
903 1519 1004 1576 delecti

104 1601 609 1667 cumLeonida,1ncedaemoniorum
628 1621 710 1676 rege,
724 1601 774 1674 qni
792 1599 1003 1675 Thermopylas

104 1689 292 1749 occuparent,
305 1678 475 1754 longiusque
490 1681 628 1737 barbaros
639 1680 776 1755 progredi
791 1698 850 1734 non
867 1690 1003 1753 pateren-

104 1762 159 1809 tur.
172 1756 209 1810 Hi
220 1757 278 1811 vim
290 1757 415 1814 hostium
431 1779 492 1815 rien
504 1760 707 1826 sustinuerunt,
720 1776 812 1831 eoque
828 1759 892 1847 loqp
906 1774 1003 1813 omnes

102 1829 281 1890 interierunt.
293 1840 330 1893 At
344 1838 437 1895 classis
449 1839 608 1895 communis
620 1839 736 1894 Graeciae
749 1848 939 1893 trecentarum
948 1854 1003 1891 na-

103 1911 191 1983 vium,
205 1915 235 1970 in
248 1919 305 1988 qud
317 1918 444 1974 ducentae
456 1931 539 1977 eraut
550 1919 779 1985 Atheniensium,
789 1917 914 1990 primirm
925 1913 1004 1989 apud

104 1991 299 2062 Artemisium,
310 1997 383 2051 inter
396 1999 535 2052 Euboeam
547 1999 795 2070 continentemque
808 2008 926 2064 terram,
938 2011 1003 2048 curn

102 2068 247 2125 classiariis
271 2074 345 2146 regis
370 2073 512 2129 conflixit:
576 2077 680 2148 gustias
702 2077 777 2128 enim
800 2071 1008 2153 Themistocles¹

104 2149 264 2218 quaerebat,
286 2169 321 2204 ne
340 2152 522 2207 inultitudine
567 2153 748 2208 rcumiretur.
776 2152 849 2207 Hinc
871 2152 920 2205 etsi
940 2149 1004 2224 pari
1045 2186 1049 2193 -

107 2221 530 2301 praelio⁹diseesserant,tamen
540 2227 643 2287 eodem
652 2227 782 2284 loconon
795 2237 862 2282 sunt
870 2224 932 2282 ausi
942 2242 999 2282 ma·

107 2321 187 2375 nere,
203 2302 280 2380 quod
295 2321 357 2364 erat
373 2309 534 2384 periculum
548 2328 595 2377 ne,
610 2308 634 2364 si
648 2327 715 2384 pars
730 2304 846 2363 navium
864 2302 1000 2361 adversa-

108 2381 219 2440 riorum
234 2385 374 2444 Euboeam
388 2391 561 2461 superasset,
577 2381 721 2463 ancipiti¹⁰
735 2396 934 2463 premerentur
945 2400 1000 2459 pe-

107 2461 210 2518 riculo.
228 2469 293 2534 Quo
309 2467 415 2522 lacteam
430 2481 473 2524 est
486 2479 520 2524 nt
537 2464 574 2522 ab
587 2463 742 2525 Artemisio
761 2462 954 2536 discederent,
971 2471 1001 2517 et

108 2539 1002 2619 eradversum¹¹athenaeapuaseslamina,classemsuamcon·

107 2619 268 2677 stituerent.

294 2716 335 2761 tv.
354 2718 425 2761 Juxta
435 2712 579 2762 Salaminem
593 2709 698 2759 vincitur
712 2716 813 2759 Xerxes.
1010 2677 1014 2732 l

148 2831 192 2884 Ar
198 2829 534 2906 Xerxes,Thermopylis
542 2828 723 2905 expugnatis,
736 2826 869 2902 protinus
880 2825 1001 2882 accessit

111 2902 1002 2984 Astul²,idque,nullisdefendentibussintersectissacerdotibus

110 2982 183 3062 (juos
198 2987 226 3042 in
242 3008 307 3046 arce
322 2990 482 3059 invenerat,
500 2989 633 3045 incendio
649 2988 766 3044 delevit.
785 2984 870 3061 Cujus
887 2983 1001 3041 flamma

109 3066 255 3141 perterriti
265 3068 440 3143 classiarii¹³,
450 3088 539 3144 quum
548 3086 664 3124 manere
672 3087 730 3121 non
741 3065 891 3131 auderent,
902 3077 929 3122 et
939 3063 1001 3141 plu·

111 3144 175 3202 rimi
189 3145 375 3203 hortarentur
391 3161 421 3204 ut
436 3147 536 3205 domos
555 3165 621 3205 suas
641 3145 825 3203 discederent
839 3142 1000 3201 moenibus-

112 3241 167 3298 que
181 3246 212 3282 se
227 3203 424 3299 defenderebt,
441 3226 647 3286 Themistocles
662 3245 738 3282 unus
752 3224 867 3293 restitit,
886 3237 914 3280 et
935 3223 1000 3279 uni-

112 3320 209 3381 versos
223 3326 283 3364 esse
298 3326 380 3383 pares
396 3306 500 3378 aiebat,
511 3307 655 3386 dispersos
669 3303 998 3380 testabaturperituros3

110 3379 198 3457 idque
207 3385 373 3460 Eurybiadi,
381 3389 442 3465 regi
451 3385 746 3454 Lacedaemoniorum,
757 3385 805 3461 qui
815 3397 875 3441 tum
882 3397 1000 3442 mmmm

110 3459 224 3534 imperii
244 3479 376 3541 praeerat,
395 3467 458 3527 lore
482 3465 651 3526 affirmabat.
672 3469 764 3541 Quem
785 3481 875 3540 quum
895 3459 997 3534 mincis,

868 3518 960 3657 p

544 3663 556 3685 ⁴
607 3686 738 3787 m·
