2228 3892
292 334 294 342 Α
329 287 360 332 Τ.
380 285 607 332 POMPONIUS
624 284 795 336 ATTlCUS.
960 291 1012 340 tot

115 381 176 435 Hoc
189 397 304 453 quoque
316 380 350 434 sit
361 379 446 434 attici
457 378 590 434 bonitatis
602 376 778 454 exemplum,
790 381 870 452 quod
883 399 949 436 cum
961 400 1009 451 eo,

113 477 200 531 quem
211 477 334 532 puerum
345 458 377 512 in'
385 456 480 513 ludo³¹
493 470 681 532 cognoverat,
695 459 766 516 adeb
777 458 928 531 conjuncte
941 460 1011 516 vixit

112 548 145 593 ut
160 537 196 593 ad
215 548 369 593 extremam
384 547 490 592 aetatem
509 536 628 593 amicitia
648 556 748 593 eorum
769 538 897 594 creverit.
915 541 1010 594 Anto·

112 615 176 672 nius
187 627 280 671 autem
293 617 343 671 etsi
356 625 434 671 tanto
447 615 514 671 odio
528 615 672 671 ferebatur
682 616 712 669 in
724 619 890 686 Ciceronem
903 629 935 672 ut
949 636 1009 672 non

112 695 204 750 solium
223 695 265 764 ei,
281 695 330 750 sed
349 696 432 749 etiam
449 695 581 750 omnibus
598 694 658 764 ejus
674 696 768 752 amicis
785 707 854 752 esset
865 697 1008 768 inimicus,

111 785 216 847 eosque
228 774 313 829 vellet
324 772 519 848 proscribere,
535 773 629 829 multis
641 773 822 830 hortantibus
834 786 943 843 tamen,
953 778 1008 831 At·
1090 821 1091 824 ,

110 852 159 908 tici
169 870 281 908 memor
291 851 344 906 fuit
358 850 460 920 officii,
474 853 551 920 etei,
564 872 654 925 quum
666 855 825 926 requisisset
836 853 951 909 ubinam
964 874 1008 911 es-

109 943 164 998 set,
175 932 226 987 sua
237 950 324 985 manu
332 931 450 1005 scripsit,
459 951 512 986 «ne
520 932 640 999 timeret,
651 935 800 1006 statimque
808 934 844 988 ad
852 954 880 989 se
886 935 1008 989 veniret:

110 1028 139 1066 se
151 1029 225 1077 eum,
236 1022 270 1080 et,
285 1010 359 1065 illius
371 1011 462 1078 causa,
475 1011 600 1067 Gellium
610 1012 719 1066 Canum
733 1012 768 1066 de
780 1013 1009 1085 proscriptorum

110 1108 232 1145 numero
250 1090 411 1145 exemisse.»
425 1093 466 1145 Ac
472 1131 482 1158 ,
495 1109 532 1144 ne
547 1091 626 1163 quod
639 1090 669 1145 in
681 1090 841 1163 periculum
857 1090 1008 1159 incideret,

109 1168 385 1241 qubdnoctufiebat,
399 1169 561 1242 praesidium
568 1168 680 1222 eimisit.
691 1168 850 1224 Siclltticus
860 1168 888 1221 in
897 1188 1008 1224 summo

109 1247 227 1314 timore,
235 1266 295 1301 non
306 1248 400 1302 solum
412 1247 479 1315 sibi,
490 1247 538 1302 sed
546 1246 674 1315 etiamei,
686 1266 770 1320 quem
778 1247 950 1302 carissimum
957 1248 1008 1304 ha·

109 1325 203 1393 bebat,
211 1324 342 1398 praesidio
354 1324 422 1380 fuit:
432 1344 526 1400 neque
531 1327 606 1381 enim
611 1345 668 1380 suae
679 1327 772 1382 solirm
779 1347 795 1381 a
803 1346 1008 1400 quoquamau·

109 1404 209 1459 xillum
215 1404 296 1479 petiit
308 1405 418 1472 salutis,
432 1405 481 1460 sed
492 1404 682 1476 conjunctim3
694 1417 726 1460 ut
735 1417 886 1480 appareret
899 1407 1008 1462 nullam

107 1483 262 1556 sejunctam
275 1483 327 1539 sibi
338 1484 374 1539 ab
387 1502 421 1539 eo
439 1485 512 1540 velle
525 1485 679 1539 fortunam.
695 1486 781 1552 Qubd
794 1485 817 1538 si
830 1485 1008 1558 gubernator

108 1563 252 1637 praecipua
265 1562 348 1618 laude
360 1563 451 1619 fertur
464 1563 514 1636 qui
529 1581 632 1618 navem
643 1582 678 1618 ex
692 1563 785 1618 hieme
799 1581 929 1636 marique
941 1584 1008 1621 sco·

108 1642 211 1715 puloso
224 1654 324 1710 servat,
335 1661 451 1697 curnon
462 1643 611 1716 singularis
622 1643 681 1714 ejus
690 1643 864 1698 existimetur
876 1645 1006 1717 pruden-

109 1721 145 1776 tia
155 1723 205 1795 qui
217 1741 252 1778 ex
264 1733 307 1777 tot
320 1734 433 1795 tamque
444 1722 580 1798 gravibus
590 1723 723 1796 procellis
735 1722 865 1777 civilibus
879 1722 915 1778 ad
928 1723 1007 1779 inco·

107 1799 264 1857 lumitatem
275 1801 425 1876 pervenit?

204 1932 205 1935 ’
227 1926 274 1972 11.
294 1924 386 1972 Atticus
398 1921 534 1989 proscriptis
546 1921 622 1970 fidelis
634 1931 657 1971 ct
671 1923 765 1988 utrique
775 1923 885 1973 fortunae.

149 2045 257 2112 Qursus
269 2061 304 2098 ex
311 2044 391 2098 malis
403 2054 434 2097 ut
446 2061 475 2098 se
487 2042 678 2109 emerserat³2,
686 2041 842 2096 nihilaliud
854 2044 910 2116 egit
918 2059 1005 2116 quam

108 2132 139 2178 ut
155 2122 301 2196 plurimis,
325 2122 429 2195 quibus
447 2121 533 2177 rebus
557 2132 663 2195 posset,
682 2132 752 2177 esset
769 2121 883 2177 auxilio.
909 2124 1006 2192 Quum

107 2201 409 2276 proscriptospraemiis
418 2201 624 2276 imperatorum
633 2200 1004 2274 vulgusconquireretme-

107 2280 192 2334 moin
206 2281 349 2353 Epirum³³
361 2279 438 2334 venit
449 2280 495 2334 cui
507 2297 552 2334 res
563 2279 621 2333 ulla
635 2278 769 2346 defuerit,
778 2279 884 2334 nemini
893 2297 953 2333 non
965 2280 1004 2335 ibi

106 2362 246 2433 perpetuo
265 2358 399 2414 manendi
419 2369 542 2432 potestas
568 2357 640 2412 facta
666 2368 714 2412 est.
737 2357 793 2424 Qui
816 2356 914 2424 etiam,
939 2369 1005 2430 post

106 2437 237 2510 praelium
249 2439 429 2512 Philippense
444 2436 647 2508 interitumque
660 2435 690 2489 C.
712 2434 797 2490 Cassii
813 2447 840 2490 et
851 2437 891 2489 M.
906 2437 1003 2507 Bruti,

106 2517 137 2571 L.
150 2517 259 2571 lulium
280 2517 427 2572 Mocillam
448 2513 631 2589 praetorium,
647 2524 674 2568 et
688 2513 747 2586 ejus
759 2511 865 2581 filium,
878 2515 1003 2570 Aulum-

106 2612 162 2667 que
174 2596 369 2668 Torquatum,
380 2605 551 2667 eaeterosque
562 2592 626 2667 pari
637 2591 752 2648 fortunia
760 2593 914 2667 perculsos,
925 2594 1004 2650 insti-

108 2672 193 2729 tuerit
212 2675 301 2743 tueri,
318 2685 403 2747 atque
421 2693 456 2729 ex
472 2672 561 2747 Epiro
577 2672 620 2727 his
641 2673 736 2728 omnia
752 2673 1002 2728 Samothraciam³⁴
1036 2727 1038 2730 .

105 2753 270 2827 supportari
281 2753 405 2826 jusserit.
418 2749 541 2808 Difficile
558 2752 634 2806 enim
646 2762 685 2806 est
701 2753 796 2806 omnia
812 2753 961 2826 persequi,
975 2765 1002 2808 et

103 2831 165 2887 hon
174 2833 342 2888 necessaria:
352 2832 424 2886 illud
436 2850 527 2886 unum
536 2829 804 2904 intelligivolumus,
815 2831 890 2886 illius
899 2830 1000 2885 libera·

105 2908 212 2967 litatem
230 2930 328 2985 neque
340 2910 542 2984 temporariam
558 2927 652 2983 neque
668 2910 799 2966 callidam
814 2910 905 2964 fluisse.
917 2909 952 2963 Id
966 2928 1001 2965 ex

105 2988 171 3063 ipsis
188 2989 274 3045 rebus
292 3009 323 3046 ac
336 2989 513 3064 temporibus
521 2988 644 3062 judicari
659 3001 765 3064 potest,
780 2988 859 3061 qubd
872 3007 932 3042 non
943 2986 1000 3043 flo-

105 3066 233 3125 rentibus
248 3087 278 3125 se
291 3069 459 3138 venditavit,
473 3069 523 3126 sed
534 3066 642 3124 afflictis
657 3086 768 3140 semper
782 3066 929 3122 succurrit.
944 3066 1001 3136 Qui

105 3144 221 3220 quidem
231 3149 387 3220 Serviliam,
397 3149 479 3205 Bruti
490 3160 618 3214 matrem,
628 3165 688 3200 non
700 3145 793 3201 minus
804 3155 1000 3221 postmortem

116 3227 176 3295 jus,
188 3231 275 3301 quim
287 3226 447 3297 florente³⁵‚
460 3227 590 3283 coluerit.
596 3225 641 3283 Sic
649 3225 816 3282 liberalitate
828 3236 922 3292 utens,
931 3224 997 3294 ”ulf
1012 3235 1021 3244 '

104 3304 144 3361 las
154 3305 310 3364 inimicitias
319 3309 409 3384 gessit,
422 3307 501 3382 qubd
513 3323 606 3379 neque
618 3304 737 3360 laedebat
751 3322 937 3378 quemquam,
946 3321 999 3360 ne-

104 3401 175 3458 que,
192 3386 215 3441 si
231 3406 317 3461 quum
332 3389 465 3460 injuriam
485 3393 641 3462 acceperut,
657 3384 780 3440 malebat
797 3381 997 3511 ulcisci‘quitm
