2228 3892
457 344 759 393 ritanrsrocnus
840 362 843 367 ’
1014 354 1044 411 11

153 449 276 513 penates,
290 440 348 512 qul>
366 437 474 494 facilins
491 438 526 492 ab
544 437 627 494 hoste
638 448 753 512 possent
771 437 940 506 defendere,
958 429 1047 498 muris

150 518 272 591 sepsisse;
283 536 377 591 neque
387 537 430 585 eo,
440 518 520 590 qnod
533 517 631 573 inutile
641 528 712 573 esset
721 517 846 584 Graeciae,
859 517 954 574 fecisse
965 536 1047 576 :nam

149 596 265 652 illorum
275 598 377 652 urbem
388 608 421 652 ut
431 597 682 670 propugnaculum
695 596 855 671 oppositam
866 615 924 652 esse
936 597 1043 654 barba·

125 724 131 745 .,
149 674 203 744 ris,
216 674 293 750 apud
306 696 392 750 quarn
401 675 461 749 jam
473 676 515 731 bis
526 676 619 731 classis
636 676 713 750 regia
732 675 840 731 fecisset
856 675 1036 750 naufragium

118 748 378 818 §Lacedaemonios
389 767 484 811 autem
495 755 567 811 male
580 767 607 810 et
621 755 721 827 injuste
729 755 834 823 lacere,
846 756 897 827 qni
908 755 938 810 id
950 756 1046 830 potihs

149 830 329 890 intuerentur
340 836 420 908 quod
435 835 562 909 ipsorum
575 833 762 890 dominationi
781 834 870 907 quim
886 835 965 908 quod
977 835 1040 891 uni·

149 928 235 968 versae
247 916 363 969 Graeciae
373 910 446 969 'utile
458 925 535 970 esset.
546 915 658 983 Quare,
671 914 694 968 si
709 933 776 969 suos
788 914 894 988 legatos
915 914 1045 990 recipere

148 990 264 1060 vellent,
271 1012 344 1066 quos
356 994 482 1049 Athenas
489 993 639 1062 miserant,
651 1011 680 1051 se
686 993 879 1059 remitterent,
888 992 969 1048 aliter
979 992 1045 1050 illos

148 1087 294 1145 nunquam
306 1073 335 1128 in
349 1073 471 1148 patriam
481 1072 652 1147 recepturi.»

190 1202 261 1248 snt.
281 1200 451 1250 Themistocles
462 1235 469 1260 ,
480 1199 505 1248 in
514 1199 621 1248 ancillam
633 1199 734 1264 ejectus,
746 1197 811 1249 varil
824 1197 880 1264 lugA
888 1199 999 1265 agitatur.

184 1308 288 1365 Taurus
300 1329 361 1366 non
380 1309 478 1384 effugit
497 1308 602 1365 civium
615 1327 735 1366 suorum
753 1309 903 1365 invidiam:
916 1329 1043 1386 namque

145 1385 184 1442 ob
196 1389 326 1443 eumdem
339 1389 551 1462 timoremque
564 1389 711 1443 damnatus
724 1389 931 1444 erathliltiades
939 1429 946 1456 ,
954 1399 1041 1446 testa-

144 1483 210 1520 rum
221 1466 412 1542 suffragiis²⁴e
426 1469 537 1523 civitate
547 1468 664 1540 ejectus,
682 1471 775 1542 Argos
791 1467 950 1532 habitatum
966 1487 1042 1524 con·

144 1545 232 1602 cessit.
238 1547 291 1602 Hic
300 1566 390 1620 quum
400 1547 626 1623 proptermultas
632 1546 677 1619 eju
705 1546 717 1586 ⁵
730 1546 848 1601 virtutes
860 1546 961 1619 magna
975 1566 1042 1604 cum

143 1625 278 1701 dignitate
286 1627 409 1699 viveret,
418 1626 625 1683 Lacedaemonii
640 1547 746 1700 lejtos
757 1624 883 1680 Athenas
893 1624 1042 1696 miserunt,

143 1705 192 1779 qui
204 1725 269 1764 eum
281 1708 425 1765 absentem
437 1716 600 1782 accusarent
621 1705 700 1779 quod
720 1704 879 1760 societatem
892 1723 959 1760 cum
974 1724 1042 1780 rege

104 1826 107 1830 -
143 1786 296 1842 Persarum
308 1789 344 1842 ad
358 1788 497 1843 Graeciam
511 1784 729 1860 opprimendum
736 1783 844 1839 fecisset
893 1803 927 1840 oc
941 1784 1041 1840 crimi-

94 1890 96 1895 <
142 1882 178 1919 ne
190 1864 289 1922 absens
301 1866 472 1941 proditionis
485 1876 526 1921 est
538 1865 694 1919 damnatus.
714 1863 748 1918 Id
767 1874 799 1918 ut
816 1862 943 1931 audivit,
957 1860 1040 1934 qudd

142 1960 202 1998 non
210 1945 274 1998 satis
284 1956 377 1999 tutum
389 1964 417 1999 se
425 1945 508 2017 Argis
521 1943 652 2009 videbat,
672 1939 1040 2016 Corcyram²⁶demigravit.

142 2019 186 2075 Ibi
198 2040 290 2095 quum
302 2023 361 2095 ejus
381 2023 522 2096 principes
544 2019 662 2075 civitatis
681 2019 927 2076 animadvertisset
940 2020 1040 2078 timere

142 2117 177 2154 ne
189 2113 311 2176 propter
322 2121 351 2157 se
365 2102 473 2156 bellum
485 2101 529 2155 his
541 2098 750 2155 Lacedaemonii
763 2109 790 2154 et
802 2099 987 2158 Athenienses
996 2100 1040 2156 in-

141 2177 287 2248 dicerent,
311 2181 346 2236 ad
364 2181 534 2248 Admetum,
549 2180 744 2234 Molossorum
769 2196 879 2253 regem,
897 2197 964 2234 cum
977 2198 1037 2255 quo

142 2256 167 2313 ei
178 2257 335 2332 hospitium
351 2259 457 2328 fuerat,
473 2257 608 2333 confugit.
624 2258 687 2314 Huc
699 2277 788 2332 quum
813 2258 944 2326 venisset,
965 2259 1036 2314 etin

141 2337 314 2410 praesentih²⁷
323 2358 373 2394 rex
384 2339 500 2406 abesset,
510 2337 685 2410 qarbmajore
697 2336 836 2408 religione
848 2355 877 2390 se
891 2335 1038 2412 receptum

141 2425 284 2485 tueretur,
296 2416 411 2473 filiam²⁸
423 2419 483 2489 ejus
494 2416 644 2489 parvulam
656 2415 795 2487 arripuit,
807 2425 833 2468 et
845 2432 910 2468 cum
922 2416 955 2470 ed
966 2434 995 2470 se
1006 2417 1037 2471 in

141 2496 296 2550 sacrarium
333 2497 413 2569 quod
426 2493 535 2628 sumn!
550 2493 696 2548 colebatur
709 2492 893 2560 caeremonil,
906 2493 1036 2565 conjecit.

142 2573 212 2628 Inde
226 2593 286 2628 non
347 2576 381 2629 irs
393 2592 505 2647 egressu
533 2583 574 2628 est
587 2571 674 2644 qulam
686 2590 736 2626 rea
747 2590 811 2626 eum
822 2611 830 2640 ,
843 2572 907 2628 data
920 2573 1034 2642 dextrh,

140 2648 170 2706 in
183 2650 269 2707 iidem
281 2654 427 2727 reciperet.
441 2655 532 2722 Quam
539 2648 699 2727 prestitit29.
713 2652 785 2706 Nam
797 2670 886 2723 quum
897 2651 933 2707 ab
944 2652 1035 2708 Athe-

140 2730 283 2787 niensibus
295 2744 320 2788 et
333 2731 552 2809 Lacedaemoniis
567 2731 905 2804 exposcercmrpuhlice,
917 2732 1032 2807 suppli·
1064 2759 1073 2777 ·-

139 2828 200 2866 cern
212 2829 271 2867 non
282 2812 428 2885 prodidit,
441 2811 609 2884 monuitque
622 2821 655 2866 ut
666 2811 827 2866 consuleret
839 2810 892 2867 sihi
902 2831 909 2866 ι
919 2810 1035 2870 difficile

139 2889 215 2948 enim
227 2908 285 2946 esse
295 2890 326 2945 in
338 2901 395 2945 tam
407 2892 573 2966 propinquo
583 2890 647 2946 loco
663 2891 724 2947 tntb
735 2910 799 2946 eum
809 2891 924 2946 versari
935 2892 947 2944 1

140 2969 268 3043 Pydnam
282 2987 348 3024 eum
360 2970 463 3025 deduci
480 2970 580 3042 jussit,
593 2980 632 3038 et,
646 2970 725 3043 quod
737 2971 800 3025 satis
812 2982 881 3026 essct
893 2901 1053 3121 w

139 3045 226 3103 dedit.
236 3048 295 3103 Hac
306 3049 547 3118 reauditlt,hicin
558 3068 660 3105 narem
670 3050 802 3105 omnibus
812 3051 891 3126 ignot
1044 3070 1048 3077 ’

140 3124 290 3182 adscendit.
304 3132 372 3199 Quae
378 3148 468 3202 quum
478 3113 880 3204 tempestatdmaximdNaxum
891 3130 1033 3200 ferretur,

140 3202 190 3259 ubi
211 3216 271 3262 tum
295 3208 510 3266 Atheniensium
531 3221 592 3264 erat
603 3209 755 3276 exercitus,
769 3212 853 3264 sensit
868 3207 1032 3265 Themisto-

140 3281 209 3353 cles,
220 3284 285 3342 sieb
293 3289 480 3361 pervenisset,
493 3287 546 3344 sibi
557 3307 614 3347 esse
626 3288 815 3363 pereundum.
835 3288 894 3342 Hac
908 3288 1032 3344 necessi·
1081 3322 1082 3326 =

141 3369 195 3417 tate
208 3377 336 3437 coactam,
349 3367 559 3437 dominonavis,
568 3367 783 3443 quissit,aperit,
793 3366 881 3423 multa
894 3367 1033 3442 pollicens

138 3439 162 3496 si
173 3459 203 3499 se
210 3451 419 3509 conseruesset.
430 3450 533 3524 Atille,
540 3451 748 3513 clarissimiviri
759 3465 859 3532 captus
872 3447 1022 3512 misericr·
