2228 3892
105 291 141 338 η
369 284 556 333 coum!
572 287 735 334 strom

105 377 527 458 prudentissimumeonsdium,
538 388 572 433 ut
580 378 669 434 deviis
680 378 829 434 itinerilms
838 379 1008 438 nitro&-

104 456 548 529 eeret,iuquibnsreraaudire
563 476 626 513 uon
642 458 1007 532 pocsmt,etlrisperna·

104 539 187 595 deret
198 553 229 590 se
244 546 345 589 contra
356 535 497 608 quosdam
512 535 654 591 barbaros
671 535 821 610 proficisci
842 539 945 609 Itaque
960 551 1006 595 ta-

108 614 168 670 uuit
177 613 234 668 lroe
245 613 463 688 propositum¹¹‚
474 614 592 688 etpriirs
603 615 633 668 iu
645 616 733 670 aciem
740 617 894 671 exereitum
903 617 1007 676 eduxit

103 691 292 768 praliumque
304 694 443 748 commisit
454 694 542 767 quim
554 694 704 748 militessui
714 695 1007 766 scirentcumquilu

102 789 182 826 arim
194 770 369 826 conferrent
383 771 486 828 Effecit
497 773 582 827 etiam
600 773 688 840 illud,
702 773 835 828 locorum
852 790 1004 846 praeoccu-

103 849 233 924 patioue‚
248 861 280 903 ut
292 849 420 920 equitatu
436 851 533 923 potitis
546 851 708 920 dimicaret,
721 869 781 923 quo
795 853 860 924 plus
873 851 990 906 valebat

103 927 192 1002 quim
201 927 344 1002 peditatu,
357 944 417 1000 quo
429 939 492 982 erat
501 928 637 982 deterior.

138 1084 183 1131 tv.
203 1077 403 1130 Eourenmiucit
415 1079 596 1145 Neptolmtm
608 1077 961 1145 dnfflffipupmcniemn

417 1151 496 1216 amplo
508 1149 591 1199 unm
602 1147 680 1199 eiiert.

143 1283 269 1354 Quom
276 1281 416 1337 acerrimo
428 1302 571 1339 concursu
581 1288 672 1357 quum
682 1300 814 1356 maguam
824 1291 935 1356 partem
944 1283 1005 1342 diei

103 1370 174 1418 estet
182 1368 356 1435 pugnatum,
368 1359 443 1414 cadit
455 1362 590 1416 Craterus
598 1363 672 1428 dux,
684 1373 713 1417 et
723 1360 941 1434 Neoptolemus,
950 1363 1005 1436 qui

103 1438 260 1496 secundum
267 1437 362 1492 locum
371 1437 713 1513 imperiiteuebat¹².Cum
721 1439 931 1494 hoccoucurrit
941 1439 1004 1515 ipse

104 1520 259 1586 Eumenen
271 1517 321 1590 qui
333 1535 423 1590 quum
436 1518 509 1573 iuter
521 1538 550 1574 se
566 1519 708 1593 complexi
720 1519 861 1573 interram
874 1536 908 1572 ex
920 1520 1002 1592 equis

103 1598 288 1663 decidissent,
303 1607 335 1649 ut
346 1595 427 1651 facile
446 1598 565 1671 intelligi
580 1609 674 1671 posset
691 1597 802 1652 inimica
820 1607 914 1651 mente
925 1616 1002 1653 cou-

104 1675 225 1730 teudisse
240 1673 394 1744 animoque
404 1674 493 1747 magis
506 1677 591 1729 etiam
606 1677 745 1749 pugnasse
756 1674 844 1748 quim
859 1694 1002 1749 corpore,

103 1771 164 1809 uon
175 1752 257 1828 priiu
270 1750 396 1805 distracti
414 1763 479 1805 suut
491 1752 580 1824 qn'am
596 1754 718 1807 alterum
736 1754 831 1807 anima
842 1751 1001 1824 reliquerit.

104 1831 149 1888 Ab
169 1830 228 1887 hoc
248 1828 359 1902 aliquot
377 1829 467 1904 plagis
486 1831 627 1886 Eumenes
646 1831 831 1886 vulneratur:
850 1848 944 1904 neque
964 1836 1001 1892 εὸ

104 1911 193 1988 magis
204 1929 239 1967 ex
254 1908 353 1984 praelio
371 1910 502 1977 excessit,
514 1911 563 1966 sed
575 1911 667 1966 acriis
678 1909 799 1966 hostes¹³
812 1909 918 1966 institit.
930 1913 1000 1980 Hic,

104 1991 246 2063 equitibus
254 1985 426 2062 profligatis,
437 1988 585 2045 interiecto
595 1991 668 2046 duco
680 1991 808 2056 Cratero,
820 1989 915 2044 multis
926 2009 1001 2064 prae-

103 2079 181 2123 terea
203 2077 231 2121 et
256 2065 376 2118 maxime
397 2065 542 2121 nobilibus
565 2070 668 2143 captis,
691 2069 821 2142 pedester
844 2069 999 2138 exercitus,

103 2144 183 2219 quod
195 2143 225 2198 in
242 2160 274 2197 ea
287 2142 351 2196 loca
367 2153 428 2196 erat
443 2143 596 2211 deductus,
614 2157 646 2199 ut
666 2147 754 2198 invito
773 2149 901 2201 Eumene
925 2147 999 2203 elabi
1020 2160 1030 2175 ⁴

103 2244 162 2281 non
176 2232 285 2300 posset,
302 2238 401 2295 pacem
417 2220 453 2275 ab
476 2241 510 2277 eo
527 2223 614 2298 petiit
628 2227 721 2293 Quam
739 2242 828 2297 quum
847 2224 998 2298 impetris-

102 2315 154 2372 set,
168 2304 199 2359 iu
213 2301 269 2356 fide
281 2318 342 2354 nou
355 2300 457 2354 mansit
462 2340 470 2368 ,
483 2313 511 2356 et
521 2322 560 2370 se,
571 2303 655 2357 simul
665 2323 697 2359 ac
709 2303 811 2378 potuit,
823 2304 860 2358 ad
872 2303 996 2377 Antipa-

102 2394 181 2440 trum
198 2381 312 2455 recepit.
328 2380 470 2436 Eumenes
483 2381 652 2450 Craterum,
676 2401 710 2436 ex
725 2383 784 2437 acie
804 2382 998 2438 semianimem

101 2464 216 2529 elatum,
228 2478 358 2534 recreare
370 2461 484 2516 studuit
497 2463 593 2531 Quum
605 2462 635 2516 id
646 2480 705 2516 nou
717 2459 860 2535 potuisset,
872 2478 928 2533 pro
938 2459 997 2515 lio-

102 2540 184 2596 miuis
195 2538 337 2610 dignitate,
346 2555 458 2608 proque
469 2541 586 2611 pristini
596 2540 716 2596 amicitiai
724 2538 860 2615 (namque
872 2537 921 2592 illo
929 2557 997 2596 usus

103 2628 169 2683 erat,
182 2613 347 2672 Alexandro
359 2612 435 2679 vivo,
449 2615 647 2693 familiariter),
661 2619 757 2691 amplo
769 2619 870 2672 iuuere
883 2617 995 2684 extulit,

102 2712 219 2767 ossaque
229 2695 257 2747 iu
269 2689 465 2746 Macedoniam
477 2693 562 2747 uxori
574 2695 634 2764 ejus
647 2713 679 2748 ac
693 2696 788 2748 liberis
800 2694 913 2748 remisit.

119 2847 149 2891 v.
171 2845 299 2903 Eumenes,
311 2835 342 2885 ab
351 2839 472 2902 Antigono
485 2840 620 2895 damnatus,
634 2838 708 2888 rictus
722 2846 745 2888 et
760 2837 878 2903 obsessus,
891 2836 977 2887 callido

444 2912 539 2960 invento
550 2910 636 2961 evadit.

138 3057 205 3112 lino
227 3056 297 3111 ulum
320 3057 398 3133 apud
427 3053 643 3126 Hellespontum
668 3063 824 3127 geruntur,
847 3049 994 3108 Perdiccas

106 3135 176 3214 'pud
188 3133 294 3191 flumen
310 3137 408 3192 Nilum
427 3131 596 3188 interficitur
613 3152 629 3185 a
646 3132 766 3186 Seleuco
786 3142 814 3186 et
828 3131 992 3203 Antigono,

116 3230 253 3290 tuumque
267 3234 376 3270 summa
387 3214 424 3270 ad
438 3213 620 3286 Antipatrum
633 3211 770 3265 defertur.
783 3211 836 3264 llic
847 3209 897 3282 qui
909 3209 992 3264 dese-

106 3308 233 3366 merant,
258 3295 384 3352 exercitu
405 3292 572 3365 suffragium
600 3290 724 3356 ferente,
747 3287 844 3363 capitis
867 3286 993 3344 absentes

110 3373 284 3444 humantur3
295 3374 378 3434 iubis
389 3373 536 3430 Eumenes.
548 3371 608 3427 Hac
619 3371 665 3425 ille
677 3369 823 3445 perculsus
830 3367 993 3444 plagimou
