<?xml version="1.0" encoding="UTF-8"?>
<!DOCTYPE html PUBLIC "-//W3C//DTD XHTML 1.0 Transitional//EN"
    "http://www.w3.org/TR/xhtml1/DTD/xhtml1-transitional.dtd">
<html xmlns="http://www.w3.org/1999/xhtml" xml:lang="en" lang="en">
 <head>
  <title>
</title>
<meta http-equiv="Content-Type" content="text/html;charset=utf-8" />
  <meta name='ocr-system' content='tesseract 3.04.00' />
  <meta name='ocr-capabilities' content='ocr_page ocr_carea ocr_par ocr_line ocrx_word'/>
</head>
<body>
  <div class='ocr_page' id='page_1' title='image "./corneliinepotis10nepogoog_0090.png"; bbox 0 0 2228 3892; ppageno 0'>
   <div class='ocr_carea' id='block_1_1' title="bbox 105 304 727 378">
    <p class='ocr_par' dir='ltr' id='par_1_1' title="bbox 105 304 727 378">
     <span class='ocr_line' id='line_1_1' title="bbox 105 304 727 378; baseline -0.013 -18"><span class='ocrx_word' id='word_1_1' title='bbox 105 323 140 378; x_wconf 67' lang='lat' dir='ltr'><strong><em>m</em></strong></span> <span class='ocrx_word' id='word_1_2' title='bbox 363 307 547 357; x_wconf 80' lang='lat' dir='ltr'>CORNELII</span> <span class='ocrx_word' id='word_1_3' title='bbox 564 304 727 352; x_wconf 72' lang='lat' dir='ltr'><strong>urruns</strong></span> 
     </span>
    </p>
   </div>
   <div class='ocr_carea' id='block_1_2' title="bbox 103 413 1016 586">
    <p class='ocr_par' dir='ltr' id='par_1_2' title="bbox 103 413 1016 586">
     <span class='ocr_line' id='line_1_2' title="bbox 105 413 1016 503; baseline -0.007 -20"><span class='ocrx_word' id='word_1_4' title='bbox 105 424 148 483; x_wconf 89' lang='lat' dir='ltr'><strong>tiit</strong></span> <span class='ocrx_word' id='word_1_5' title='bbox 159 435 253 481; x_wconf 89' lang='lat' dir='ltr'><strong>autem</strong></span> <span class='ocrx_word' id='word_1_6' title='bbox 260 415 438 485; x_wconf 82' lang='lat' dir='ltr'><strong>abEumene</strong></span> <span class='ocrx_word' id='word_1_7' title='bbox 447 413 639 488; x_wconf 79' lang='lat' dir='ltr'><strong>absente,«ne</strong></span> <span class='ocrx_word' id='word_1_8' title='bbox 644 426 797 495; x_wconf 88' lang='lat' dir='ltr'><strong>pateretur</strong></span> <span class='ocrx_word' id='word_1_9' title='bbox 811 421 945 503; x_wconf 83' lang='lat' dir='ltr'><strong>Philippi</strong></span> <span class='ocrx_word' id='word_1_10' title='bbox 956 430 1016 489; x_wconf 70' lang='lat'><strong>(10.</strong></span> 
     </span>
     <span class='ocr_line' id='line_1_3' title="bbox 103 498 1015 586; baseline 0 -24"><span class='ocrx_word' id='word_1_11' title='bbox 103 505 168 562; x_wconf 77' lang='lat' dir='ltr'><strong>mus</strong></span> <span class='ocrx_word' id='word_1_12' title='bbox 179 514 207 559; x_wconf 90' lang='lat' dir='ltr'><strong>et</strong></span> <span class='ocrx_word' id='word_1_13' title='bbox 218 502 331 560; x_wconf 75' lang='lat' dir='ltr'><strong>familia</strong></span> <span class='ocrx_word' id='word_1_14' title='bbox 344 498 548 561; x_wconf 70' lang='lat' dir='ltr'><strong>inimmissimos</strong></span> <span class='ocrx_word' id='word_1_15' title='bbox 565 508 682 581; x_wconf 80' lang='lat' dir='ltr'><strong>stirpem</strong></span> <span class='ocrx_word' id='word_1_16' title='bbox 693 525 811 581; x_wconf 90' lang='lat' dir='ltr'><strong>quoque</strong></span> <span class='ocrx_word' id='word_1_17' title='bbox 825 509 1015 586; x_wconf 65' lang='lat' dir='ltr'><strong>interimere,</strong></span> 
     </span>
    </p>
   </div>
   <div class='ocr_carea' id='block_1_3' title="bbox 102 582 1015 1138">
    <p class='ocr_par' dir='ltr' id='par_1_3' title="bbox 102 582 1015 1138">
     <span class='ocr_line' id='line_1_4' title="bbox 103 582 1014 661; baseline 0.011 -21"><span class='ocrx_word' id='word_1_18' title='bbox 103 584 249 656; x_wconf 82' lang='lat' dir='ltr'><strong>ferretque</strong></span> <span class='ocrx_word' id='word_1_19' title='bbox 261 602 347 659; x_wconf 91' lang='lat' dir='ltr'><strong>opem</strong></span> <span class='ocrx_word' id='word_1_20' title='bbox 357 582 454 640; x_wconf 86' lang='lat' dir='ltr'><strong>liberis</strong></span> <span class='ocrx_word' id='word_1_21' title='bbox 464 585 639 641; x_wconf 78' lang='lat' dir='ltr'>Alexandri:</span> <span class='ocrx_word' id='word_1_22' title='bbox 660 606 747 659; x_wconf 90' lang='lat' dir='ltr'><strong>quam</strong></span> <span class='ocrx_word' id='word_1_23' title='bbox 763 586 905 644; x_wconf 76' lang='lat' dir='ltr'><strong>veniam¹⁸</strong></span> <span class='ocrx_word' id='word_1_24' title='bbox 920 593 947 649; x_wconf 77' lang='lat' dir='ltr'><strong>si</strong></span> <span class='ocrx_word' id='word_1_25' title='bbox 955 594 1014 661; x_wconf 80' lang='lat' dir='ltr'><strong>sibl</strong></span> 
     </span>
     <span class='ocr_line' id='line_1_5' title="bbox 102 663 1015 740; baseline 0.008 -20"><span class='ocrx_word' id='word_1_26' title='bbox 102 663 196 731; x_wconf 88' lang='lat' dir='ltr'><strong>daret,</strong></span> <span class='ocrx_word' id='word_1_27' title='bbox 209 663 424 739; x_wconf 74' lang='lat' dir='ltr'><strong>quamprimum</strong></span> <span class='ocrx_word' id='word_1_28' title='bbox 435 664 575 721; x_wconf 85' lang='lat' dir='ltr'><strong>exercitus</strong></span> <span class='ocrx_word' id='word_1_29' title='bbox 586 677 717 740; x_wconf 90' lang='lat' dir='ltr'><strong>pararet,</strong></span> <span class='ocrx_word' id='word_1_30' title='bbox 730 685 803 739; x_wconf 92' lang='lat' dir='ltr'><strong>quos</strong></span> <span class='ocrx_word' id='word_1_31' title='bbox 811 667 868 724; x_wconf 89' lang='lat' dir='ltr'><strong>sibi</strong></span> <span class='ocrx_word' id='word_1_32' title='bbox 876 671 1015 732; x_wconf 74' lang='lat' dir='ltr'><strong>subsidio</strong></span> 
     </span>
     <span class='ocr_line' id='line_1_6' title="bbox 103 742 1010 825; baseline 0.01 -27"><span class='ocrx_word' id='word_1_33' title='bbox 103 742 277 799; x_wconf 89' lang='lat' dir='ltr'><strong>adduceret:</strong></span> <span class='ocrx_word' id='word_1_34' title='bbox 299 744 328 799; x_wconf 87' lang='lat' dir='ltr'><strong>id</strong></span> <span class='ocrx_word' id='word_1_35' title='bbox 340 744 399 816; x_wconf 81' lang='lat' dir='ltr'><strong>qud</strong></span> <span class='ocrx_word' id='word_1_36' title='bbox 411 743 521 800; x_wconf 79' lang='lat' dir='ltr'><strong>facilius</strong></span> <span class='ocrx_word' id='word_1_37' title='bbox 533 743 650 813; x_wconf 85' lang='lat' dir='ltr'><strong>faceret,</strong></span> <span class='ocrx_word' id='word_1_38' title='bbox 661 764 691 800; x_wconf 89' lang='lat' dir='ltr'><strong>sc</strong></span> <span class='ocrx_word' id='word_1_39' title='bbox 703 746 836 802; x_wconf 90' lang='lat' dir='ltr'><strong>omnibus</strong></span> <span class='ocrx_word' id='word_1_40' title='bbox 847 749 1010 825; x_wconf 69' lang='lat' dir='ltr'><strong>praefectis,</strong></span> 
     </span>
     <span class='ocr_line' id='line_1_7' title="bbox 103 820 1012 903; baseline 0.015 -28"><span class='ocrx_word' id='word_1_41' title='bbox 103 821 188 896; x_wconf 89' lang='lat' dir='ltr'><strong>quiin</strong></span> <span class='ocrx_word' id='word_1_42' title='bbox 200 820 296 876; x_wconf 89' lang='lat' dir='ltr'><strong>officio</strong></span> <span class='ocrx_word' id='word_1_43' title='bbox 303 823 470 891; x_wconf 88' lang='lat' dir='ltr'><strong>manebant,</strong></span> <span class='ocrx_word' id='word_1_44' title='bbox 479 824 584 881; x_wconf 83' lang='lat' dir='ltr'><strong>misisse</strong></span> <span class='ocrx_word' id='word_1_45' title='bbox 592 825 707 894; x_wconf 81' lang='lat' dir='ltr'><strong>litteras,</strong></span> <span class='ocrx_word' id='word_1_46' title='bbox 715 824 924 900; x_wconf 88' lang='lat' dir='ltr'><strong>uteiparerent</strong></span> <span class='ocrx_word' id='word_1_47' title='bbox 934 831 1012 903; x_wconf 82' lang='lat' dir='ltr'><strong>eju.-</strong></span> 
     </span>
     <span class='ocr_line' id='line_1_8' title="bbox 104 901 1009 985; baseline 0.011 -28"><span class='ocrx_word' id='word_1_48' title='bbox 104 919 160 976; x_wconf 92' lang='lat' dir='ltr'><strong>que</strong></span> <span class='ocrx_word' id='word_1_49' title='bbox 176 901 300 956; x_wconf 90' lang='lat' dir='ltr'><strong>consiliis</strong></span> <span class='ocrx_word' id='word_1_50' title='bbox 319 912 492 957; x_wconf 77' lang='lat' dir='ltr'><strong>uterentur.»</strong></span> <span class='ocrx_word' id='word_1_51' title='bbox 511 905 562 960; x_wconf 88' lang='lat' dir='ltr'><strong>His</strong></span> <span class='ocrx_word' id='word_1_52' title='bbox 578 904 664 960; x_wconf 84' lang='lat' dir='ltr'><strong>rebus</strong></span> <span class='ocrx_word' id='word_1_53' title='bbox 681 907 822 960; x_wconf 83' lang='lat' dir='ltr'><strong>Eumenes</strong></span> <span class='ocrx_word' id='word_1_54' title='bbox 839 920 1009 985; x_wconf 82' lang='lat' dir='ltr'><strong>permotus3</strong></span> 
     </span>
     <span class='ocr_line' id='line_1_9' title="bbox 103 980 1014 1058; baseline 0.01 -21"><span class='ocrx_word' id='word_1_55' title='bbox 103 980 188 1038; x_wconf 85' lang='lat' dir='ltr'><strong>satius</strong></span> <span class='ocrx_word' id='word_1_56' title='bbox 201 980 297 1048; x_wconf 77' lang='lat' dir='ltr'><strong>duxit,</strong></span> <span class='ocrx_word' id='word_1_57' title='bbox 309 981 333 1037; x_wconf 89' lang='lat' dir='ltr'><strong>si</strong></span> <span class='ocrx_word' id='word_1_58' title='bbox 349 980 386 1036; x_wconf 90' lang='lat' dir='ltr'><strong>ita</strong></span> <span class='ocrx_word' id='word_1_59' title='bbox 405 981 512 1039; x_wconf 85' lang='lat' dir='ltr'><strong>tulisset</strong></span> <span class='ocrx_word' id='word_1_60' title='bbox 532 982 664 1051; x_wconf 89' lang='lat' dir='ltr'><strong>fortuna,</strong></span> <span class='ocrx_word' id='word_1_61' title='bbox 683 983 793 1058; x_wconf 86' lang='lat' dir='ltr'><strong>perire,</strong></span> <span class='ocrx_word' id='word_1_62' title='bbox 809 984 1014 1046; x_wconf 87' lang='lat' dir='ltr'><strong>benemeritis</strong></span> 
     </span>
     <span class='ocr_line' id='line_1_10' title="bbox 102 1061 794 1138; baseline -0.003 -20"><span class='ocrx_word' id='word_1_63' title='bbox 102 1061 275 1118; x_wconf 78' lang='lat' dir='ltr'><strong>referentem</strong></span> <span class='ocrx_word' id='word_1_64' title='bbox 286 1061 418 1136; x_wconf 87' lang='lat' dir='ltr'><strong>gratiam,</strong></span> <span class='ocrx_word' id='word_1_65' title='bbox 431 1061 521 1135; x_wconf 79' lang='lat' dir='ltr'><strong>quam</strong></span> <span class='ocrx_word' id='word_1_66' title='bbox 531 1062 677 1138; x_wconf 90' lang='lat' dir='ltr'><strong>ingratum</strong></span> <span class='ocrx_word' id='word_1_67' title='bbox 689 1064 794 1119; x_wconf 84' lang='lat' dir='ltr'><strong>vivere.</strong></span> 
     </span>
    </p>
   </div>
   <div class='ocr_carea' id='block_1_4' title="bbox 136 1204 1029 1346">
    <p class='ocr_par' dir='ltr' id='par_1_4' title="bbox 136 1204 1029 1346">
     <span class='ocr_line' id='line_1_11' title="bbox 136 1204 1029 1330; baseline 0.003 -72"><span class='ocrx_word' id='word_1_68' title='bbox 136 1211 194 1258; x_wconf 85' lang='lat' dir='ltr'><strong>VII.</strong></span> <span class='ocrx_word' id='word_1_69' title='bbox 215 1209 330 1258; x_wconf 85' lang='lat' dir='ltr'><strong>Eumenes</strong></span> <span class='ocrx_word' id='word_1_70' title='bbox 344 1215 426 1258; x_wconf 85' lang='lat' dir='ltr'><strong>contra</strong></span> <span class='ocrx_word' id='word_1_71' title='bbox 436 1207 585 1330; x_wconf 61' lang='lat' dir='ltr'><strong>Antigqinum</strong></span> <span class='ocrx_word' id='word_1_72' title='bbox 596 1207 726 1260; x_wconf 70' lang='lat' dir='ltr'><strong>Alexandri</strong></span> <span class='ocrx_word' id='word_1_73' title='bbox 734 1204 838 1276; x_wconf 78' lang='lat' dir='ltr'><strong>aurpida</strong></span> <span class='ocrx_word' id='word_1_74' title='bbox 849 1204 875 1257; x_wconf 87' lang='lat' dir='ltr'><strong>in</strong></span> <span class='ocrx_word' id='word_1_75' title='bbox 888 1216 975 1261; x_wconf 72' lang='lat' dir='ltr'><strong>mma</strong></span> <span class='ocrx_word' id='word_1_76' title='bbox 1025 1266 1029 1273; x_wconf 59' lang='grc'><strong>,</strong></span> 
     </span>
     <span class='ocr_line' id='line_1_12' title="bbox 533 1289 593 1346; baseline 0 -16"><span class='ocrx_word' id='word_1_77' title='bbox 533 1289 593 1346; x_wconf 75' lang='lat' dir='ltr'><strong>ngat.</strong></span> 
     </span>
    </p>
   </div>
   <div class='ocr_carea' id='block_1_5' title="bbox 32 1411 1012 2755">
    <p class='ocr_par' dir='ltr' id='par_1_5' title="bbox 32 1411 1012 2755">
     <span class='ocr_line' id='line_1_13' title="bbox 141 1411 1002 1490; baseline 0.007 -21"><span class='ocrx_word' id='word_1_78' title='bbox 141 1413 250 1480; x_wconf 80' lang='lat' dir='ltr'><strong>lrsoun</strong></span> <span class='ocrx_word' id='word_1_79' title='bbox 267 1411 364 1488; x_wconf 89' lang='lat' dir='ltr'><strong>copias</strong></span> <span class='ocrx_word' id='word_1_80' title='bbox 384 1414 539 1484; x_wconf 81' lang='lat' dir='ltr'><strong>contraxit,</strong></span> <span class='ocrx_word' id='word_1_81' title='bbox 550 1415 659 1470; x_wconf 89' lang='lat' dir='ltr'><strong>bellum</strong></span> <span class='ocrx_word' id='word_1_82' title='bbox 673 1416 809 1471; x_wconf 77' lang='lat' dir='ltr'><strong>adversus</strong></span> <span class='ocrx_word' id='word_1_83' title='bbox 825 1415 1002 1490; x_wconf 67' lang='lat' dir='ltr'><strong>Antigonam</strong></span> 
     </span>
     <span class='ocr_line' id='line_1_14' title="bbox 102 1493 1009 1570; baseline 0.004 -19"><span class='ocrx_word' id='word_1_84' title='bbox 102 1494 284 1570; x_wconf 84' lang='lat' dir='ltr'><strong>comparavit.</strong></span> <span class='ocrx_word' id='word_1_85' title='bbox 299 1495 385 1565; x_wconf 79' lang='lat' dir='ltr'><strong>Quod</strong></span> <span class='ocrx_word' id='word_1_86' title='bbox 398 1493 456 1549; x_wconf 77' lang='lat' dir='ltr'><strong>una</strong></span> <span class='ocrx_word' id='word_1_87' title='bbox 468 1506 550 1551; x_wconf 86' lang='lat' dir='ltr'><strong>eraut</strong></span> <span class='ocrx_word' id='word_1_88' title='bbox 560 1495 732 1551; x_wconf 81' lang='lat' dir='ltr'><strong>Macedones</strong></span> <span class='ocrx_word' id='word_1_89' title='bbox 743 1495 908 1567; x_wconf 71' lang='lat' dir='ltr'><strong>complures</strong></span> <span class='ocrx_word' id='word_1_90' title='bbox 916 1498 1009 1554; x_wconf 89' lang='lat' dir='ltr'><strong>nobi-</strong></span> 
     </span>
     <span class='ocr_line' id='line_1_15' title="bbox 102 1573 1008 1652; baseline 0.006 -23"><span class='ocrx_word' id='word_1_91' title='bbox 102 1574 142 1630; x_wconf 85' lang='lat' dir='ltr'><strong>les</strong></span> <span class='ocrx_word' id='word_1_92' title='bbox 154 1573 165 1652; x_wconf 86' lang='lat'>(</span> <span class='ocrx_word' id='word_1_93' title='bbox 176 1575 205 1629; x_wconf 92' lang='lat' dir='ltr'><strong>in</strong></span> <span class='ocrx_word' id='word_1_94' title='bbox 217 1574 261 1630; x_wconf 88' lang='lat' dir='ltr'><strong>his</strong></span> <span class='ocrx_word' id='word_1_95' title='bbox 273 1576 433 1641; x_wconf 86' lang='lat' dir='ltr'><strong>Peucestes,</strong></span> <span class='ocrx_word' id='word_1_96' title='bbox 448 1575 498 1647; x_wconf 93' lang='lat' dir='ltr'><strong>qui</strong></span> <span class='ocrx_word' id='word_1_97' title='bbox 515 1575 645 1650; x_wconf 92' lang='lat' dir='ltr'><strong>corporis</strong></span> <span class='ocrx_word' id='word_1_98' title='bbox 664 1586 758 1631; x_wconf 89' lang='lat' dir='ltr'><strong>custos</strong></span> <span class='ocrx_word' id='word_1_99' title='bbox 769 1574 862 1630; x_wconf 86' lang='lat' dir='ltr'><strong>fuerat</strong></span> <span class='ocrx_word' id='word_1_100' title='bbox 872 1575 1008 1634; x_wconf 82' lang='lat' dir='ltr'><strong>Alexan-</strong></span> 
     </span>
     <span class='ocr_line' id='line_1_16' title="bbox 102 1652 1009 1730; baseline 0.008 -23"><span class='ocrx_word' id='word_1_101' title='bbox 102 1652 163 1719; x_wconf 87' lang='lat' dir='ltr'><strong>dri,</strong></span> <span class='ocrx_word' id='word_1_102' title='bbox 183 1663 244 1707; x_wconf 88' lang='lat' dir='ltr'><strong>tum</strong></span> <span class='ocrx_word' id='word_1_103' title='bbox 265 1665 360 1708; x_wconf 88' lang='lat' dir='ltr'><strong>autem</strong></span> <span class='ocrx_word' id='word_1_104' title='bbox 385 1652 533 1709; x_wconf 80' lang='lat' dir='ltr'><strong>obtinebat</strong></span> <span class='ocrx_word' id='word_1_105' title='bbox 548 1655 705 1723; x_wconf 80' lang='lat' dir='ltr'><strong>Persidem3</strong></span> <span class='ocrx_word' id='word_1_106' title='bbox 724 1654 896 1727; x_wconf 75' lang='lat' dir='ltr'><strong>AntigeneS,</strong></span> <span class='ocrx_word' id='word_1_107' title='bbox 921 1657 1009 1730; x_wconf 75' lang='lat' dir='ltr'><strong>qu&#39;us</strong></span> 
     </span>
     <span class='ocr_line' id='line_1_17' title="bbox 101 1730 1006 1808; baseline 0.009 -24"><span class='ocrx_word' id='word_1_108' title='bbox 101 1730 154 1785; x_wconf 87' lang='lat' dir='ltr'><strong>sub</strong></span> <span class='ocrx_word' id='word_1_109' title='bbox 166 1730 288 1804; x_wconf 84' lang='lat' dir='ltr'><strong>imperio</strong></span> <span class='ocrx_word' id='word_1_110' title='bbox 300 1731 425 1805; x_wconf 82' lang='lat' dir='ltr'><strong>phalanx</strong></span> <span class='ocrx_word' id='word_1_111' title='bbox 435 1742 497 1786; x_wconf 90' lang='lat' dir='ltr'><strong>erat</strong></span> <span class='ocrx_word' id='word_1_112' title='bbox 508 1730 715 1808; x_wconf 83' lang='lat' dir='ltr'><strong>Macedonum)</strong></span> <span class='ocrx_word' id='word_1_113' title='bbox 726 1733 879 1801; x_wconf 84' lang='lat' dir='ltr'><strong>;iuvidiam</strong></span> <span class='ocrx_word' id='word_1_114' title='bbox 887 1751 1006 1806; x_wconf 82' lang='lat' dir='ltr'><strong>verens,</strong></span> 
     </span>
     <span class='ocr_line' id='line_1_18' title="bbox 32 1809 1007 1886; baseline 0.006 -21"><span class='ocrx_word' id='word_1_115' title='bbox 32 1809 34 1813; x_wconf 74' lang='grc'><strong>’</strong></span> <span class='ocrx_word' id='word_1_116' title='bbox 102 1828 188 1884; x_wconf 91' lang='lat' dir='ltr'><strong>quam</strong></span> <span class='ocrx_word' id='word_1_117' title='bbox 201 1821 294 1864; x_wconf 86' lang='lat' dir='ltr'><strong>tamen</strong></span> <span class='ocrx_word' id='word_1_118' title='bbox 311 1810 438 1884; x_wconf 82' lang='lat' dir='ltr'><strong>effugere</strong></span> <span class='ocrx_word' id='word_1_119' title='bbox 457 1829 516 1865; x_wconf 92' lang='lat' dir='ltr'><strong>non</strong></span> <span class='ocrx_word' id='word_1_120' title='bbox 538 1811 784 1886; x_wconf 85' lang='lat' dir='ltr'><strong>potuit,sipotil1s</strong></span> <span class='ocrx_word' id='word_1_121' title='bbox 804 1811 876 1885; x_wconf 91' lang='lat' dir='ltr'><strong>ipse,</strong></span> <span class='ocrx_word' id='word_1_122' title='bbox 898 1813 1007 1871; x_wconf 84' lang='lat' dir='ltr'><strong>alieni-</strong></span> 
     </span>
     <span class='ocr_line' id='line_1_19' title="bbox 102 1889 1004 1966; baseline 0.002 -20"><span class='ocrx_word' id='word_1_123' title='bbox 102 1909 187 1966; x_wconf 86' lang='lat' dir='ltr'><strong>gcna,</strong></span> <span class='ocrx_word' id='word_1_124' title='bbox 201 1890 304 1945; x_wconf 88' lang='lat' dir='ltr'><strong>summi</strong></span> <span class='ocrx_word' id='word_1_125' title='bbox 315 1889 429 1965; x_wconf 88' lang='lat' dir='ltr'><strong>imperii</strong></span> <span class='ocrx_word' id='word_1_126' title='bbox 441 1889 609 1965; x_wconf 80' lang='lat' dir='ltr'><strong>potiretur¹8</strong></span> <span class='ocrx_word' id='word_1_127' title='bbox 625 1891 713 1964; x_wconf 77' lang='lat' dir='ltr'><strong>quam</strong></span> <span class='ocrx_word' id='word_1_128' title='bbox 725 1891 774 1946; x_wconf 91' lang='lat' dir='ltr'><strong>alii</strong></span> <span class='ocrx_word' id='word_1_129' title='bbox 790 1889 1004 1965; x_wconf 78' lang='lat' dir='ltr'><strong>Macedonum,</strong></span> 
     </span>
     <span class='ocr_line' id='line_1_20' title="bbox 102 1968 1007 2047; baseline 0.003 -22"><span class='ocrx_word' id='word_1_130' title='bbox 102 1989 229 2043; x_wconf 91' lang='lat' dir='ltr'><strong>quorum</strong></span> <span class='ocrx_word' id='word_1_131' title='bbox 237 1971 276 2026; x_wconf 92' lang='lat' dir='ltr'><strong>ibi</strong></span> <span class='ocrx_word' id='word_1_132' title='bbox 286 1982 347 2027; x_wconf 85' lang='lat' dir='ltr'><strong>erat</strong></span> <span class='ocrx_word' id='word_1_133' title='bbox 358 1969 512 2027; x_wconf 87' lang='lat' dir='ltr'><strong>multitudo</strong></span> <span class='ocrx_word' id='word_1_134' title='bbox 519 1992 527 2028; x_wconf 71' lang='grc' dir='ltr'><em>τ</em></span> <span class='ocrx_word' id='word_1_135' title='bbox 535 1972 565 2027; x_wconf 92' lang='lat' dir='ltr'><strong>in</strong></span> <span class='ocrx_word' id='word_1_136' title='bbox 572 1968 1007 2047; x_wconf 81' lang='lat' dir='ltr'><strong>principiis¹⁹nomineAlexan·</strong></span> 
     </span>
     <span class='ocr_line' id='line_1_21' title="bbox 102 2048 1007 2122; baseline 0.007 -20"><span class='ocrx_word' id='word_1_137' title='bbox 102 2049 149 2102; x_wconf 89' lang='lat' dir='ltr'><strong>dri</strong></span> <span class='ocrx_word' id='word_1_138' title='bbox 159 2049 255 2103; x_wconf 79' lang='lat' dir='ltr'><strong>statuit</strong></span> <span class='ocrx_word' id='word_1_139' title='bbox 269 2048 519 2117; x_wconf 65' lang='lat' dir='ltr'><strong>tabernacuinmffl,</strong></span> <span class='ocrx_word' id='word_1_140' title='bbox 532 2052 562 2104; x_wconf 90' lang='lat' dir='ltr'><strong>in</strong></span> <span class='ocrx_word' id='word_1_141' title='bbox 576 2070 669 2122; x_wconf 89' lang='lat' dir='ltr'><strong>eoque</strong></span> <span class='ocrx_word' id='word_1_142' title='bbox 682 2051 780 2104; x_wconf 83' lang='lat' dir='ltr'><strong>sellam</strong></span> <span class='ocrx_word' id='word_1_143' title='bbox 800 2066 917 2103; x_wconf 88' lang='lat' dir='ltr'><strong>auream</strong></span> <span class='ocrx_word' id='word_1_144' title='bbox 935 2067 1007 2108; x_wconf 78' lang='lat' dir='ltr'><strong>cum</strong></span> 
     </span>
     <span class='ocr_line' id='line_1_22' title="bbox 101 2125 1006 2200; baseline 0.006 -19"><span class='ocrx_word' id='word_1_145' title='bbox 101 2136 214 2198; x_wconf 87' lang='lat' dir='ltr'><strong>sceptro</strong></span> <span class='ocrx_word' id='word_1_146' title='bbox 231 2143 262 2179; x_wconf 91' lang='lat' dir='ltr'><strong>ac</strong></span> <span class='ocrx_word' id='word_1_147' title='bbox 276 2125 434 2180; x_wconf 89' lang='lat' dir='ltr'><strong>diademate</strong></span> <span class='ocrx_word' id='word_1_148' title='bbox 447 2125 530 2197; x_wconf 87' lang='lat' dir='ltr'><strong>jussit</strong></span> <span class='ocrx_word' id='word_1_149' title='bbox 549 2127 635 2200; x_wconf 90' lang='lat' dir='ltr'><strong>poni,</strong></span> <span class='ocrx_word' id='word_1_150' title='bbox 648 2127 740 2198; x_wconf 82' lang='lat' dir='ltr'><strong>edque</strong></span> <span class='ocrx_word' id='word_1_151' title='bbox 759 2143 857 2180; x_wconf 90' lang='lat' dir='ltr'><strong>omnes</strong></span> <span class='ocrx_word' id='word_1_152' title='bbox 871 2128 1006 2196; x_wconf 88' lang='lat' dir='ltr'><strong>quotidie</strong></span> 
     </span>
     <span class='ocr_line' id='line_1_23' title="bbox 102 2203 1012 2282; baseline 0.004 -21"><span class='ocrx_word' id='word_1_153' title='bbox 102 2204 270 2272; x_wconf 86' lang='lat' dir='ltr'><strong>convenire,</strong></span> <span class='ocrx_word' id='word_1_154' title='bbox 283 2214 316 2258; x_wconf 90' lang='lat' dir='ltr'><strong>ut</strong></span> <span class='ocrx_word' id='word_1_155' title='bbox 337 2203 376 2259; x_wconf 91' lang='lat' dir='ltr'><strong>ihi</strong></span> <span class='ocrx_word' id='word_1_156' title='bbox 396 2203 432 2258; x_wconf 91' lang='lat' dir='ltr'><strong>de</strong></span> <span class='ocrx_word' id='word_1_157' title='bbox 449 2205 564 2260; x_wconf 89' lang='lat' dir='ltr'><strong>summis</strong></span> <span class='ocrx_word' id='word_1_158' title='bbox 579 2204 664 2261; x_wconf 89' lang='lat' dir='ltr'><strong>rebus</strong></span> <span class='ocrx_word' id='word_1_159' title='bbox 685 2204 801 2260; x_wconf 88' lang='lat' dir='ltr'><strong>consilia</strong></span> <span class='ocrx_word' id='word_1_160' title='bbox 813 2217 1012 2282; x_wconf 67' lang='lat' dir='ltr'><strong>caperentur„</strong></span> 
     </span>
     <span class='ocr_line' id='line_1_24' title="bbox 101 2282 1003 2359; baseline 0.003 -18"><span class='ocrx_word' id='word_1_161' title='bbox 101 2285 220 2341; x_wconf 89' lang='lat' dir='ltr'><strong>credens</strong></span> <span class='ocrx_word' id='word_1_162' title='bbox 232 2285 344 2341; x_wconf 91' lang='lat' dir='ltr'><strong>minore</strong></span> <span class='ocrx_word' id='word_1_163' title='bbox 355 2303 384 2340; x_wconf 92' lang='lat' dir='ltr'><strong>se</strong></span> <span class='ocrx_word' id='word_1_164' title='bbox 397 2282 501 2339; x_wconf 76' lang='lat' dir='ltr'><strong>invidia</strong></span> <span class='ocrx_word' id='word_1_165' title='bbox 514 2285 591 2353; x_wconf 90' lang='lat' dir='ltr'><strong>fore,</strong></span> <span class='ocrx_word' id='word_1_166' title='bbox 603 2285 626 2340; x_wconf 89' lang='lat' dir='ltr'><strong>si</strong></span> <span class='ocrx_word' id='word_1_167' title='bbox 635 2284 727 2359; x_wconf 90' lang='lat' dir='ltr'><strong>specie</strong></span> <span class='ocrx_word' id='word_1_168' title='bbox 738 2284 850 2358; x_wconf 88' lang='lat' dir='ltr'><strong>imperii</strong></span> <span class='ocrx_word' id='word_1_169' title='bbox 861 2285 1003 2344; x_wconf 85' lang='lat' dir='ltr'><strong>nominis-</strong></span> 
     </span>
     <span class='ocr_line' id='line_1_25' title="bbox 102 2364 1000 2440; baseline 0 -18"><span class='ocrx_word' id='word_1_170' title='bbox 102 2385 158 2440; x_wconf 89' lang='lat' dir='ltr'><strong>que</strong></span> <span class='ocrx_word' id='word_1_171' title='bbox 181 2366 360 2422; x_wconf 87' lang='lat' dir='ltr'><strong>simulatione</strong></span> <span class='ocrx_word' id='word_1_172' title='bbox 383 2364 559 2433; x_wconf 71' lang='lat' dir='ltr'><strong>Alexandri,</strong></span> <span class='ocrx_word' id='word_1_173' title='bbox 581 2365 689 2420; x_wconf 91' lang='lat' dir='ltr'><strong>bellnm</strong></span> <span class='ocrx_word' id='word_1_174' title='bbox 707 2364 852 2419; x_wconf 89' lang='lat' dir='ltr'><strong>videretur</strong></span> <span class='ocrx_word' id='word_1_175' title='bbox 872 2366 1000 2422; x_wconf 87' lang='lat' dir='ltr'><strong>admini-</strong></span> 
     </span>
     <span class='ocr_line' id='line_1_26' title="bbox 103 2443 1001 2519; baseline -0.002 -17"><span class='ocrx_word' id='word_1_176' title='bbox 103 2458 200 2502; x_wconf 86' lang='lat' dir='ltr'><strong>strare.</strong></span> <span class='ocrx_word' id='word_1_177' title='bbox 211 2447 296 2515; x_wconf 83' lang='lat' dir='ltr'><strong>Quod</strong></span> <span class='ocrx_word' id='word_1_178' title='bbox 309 2457 336 2502; x_wconf 87' lang='lat' dir='ltr'><strong>et</strong></span> <span class='ocrx_word' id='word_1_179' title='bbox 349 2445 427 2501; x_wconf 88' lang='lat' dir='ltr'><strong>fecit:</strong></span> <span class='ocrx_word' id='word_1_180' title='bbox 441 2464 517 2513; x_wconf 89' lang='lat' dir='ltr'><strong>narn,</strong></span> <span class='ocrx_word' id='word_1_181' title='bbox 526 2465 616 2519; x_wconf 91' lang='lat' dir='ltr'><strong>quum</strong></span> <span class='ocrx_word' id='word_1_182' title='bbox 628 2463 688 2499; x_wconf 91' lang='lat' dir='ltr'><strong>non</strong></span> <span class='ocrx_word' id='word_1_183' title='bbox 698 2444 734 2498; x_wconf 93' lang='lat' dir='ltr'><strong>ad</strong></span> <span class='ocrx_word' id='word_1_184' title='bbox 748 2443 881 2498; x_wconf 87' lang='lat' dir='ltr'><strong>Eumenis</strong></span> <span class='ocrx_word' id='word_1_185' title='bbox 895 2444 1001 2516; x_wconf 87' lang='lat' dir='ltr'><strong>princi-</strong></span> 
     </span>
     <span class='ocr_line' id='line_1_27' title="bbox 102 2522 999 2599; baseline 0.001 -21"><span class='ocrx_word' id='word_1_186' title='bbox 102 2525 158 2598; x_wconf 89' lang='lat' dir='ltr'><strong>pia,</strong></span> <span class='ocrx_word' id='word_1_187' title='bbox 172 2525 221 2579; x_wconf 87' lang='lat' dir='ltr'><strong>sed</strong></span> <span class='ocrx_word' id='word_1_188' title='bbox 230 2525 266 2577; x_wconf 86' lang='lat' dir='ltr'><strong>ad</strong></span> <span class='ocrx_word' id='word_1_189' title='bbox 280 2525 357 2597; x_wconf 85' lang='lat' dir='ltr'><strong>regia</strong></span> <span class='ocrx_word' id='word_1_190' title='bbox 367 2526 577 2594; x_wconf 85' lang='lat' dir='ltr'><strong>conveniretur,</strong></span> <span class='ocrx_word' id='word_1_191' title='bbox 589 2537 674 2599; x_wconf 88' lang='lat' dir='ltr'><strong>atque</strong></span> <span class='ocrx_word' id='word_1_192' title='bbox 687 2523 727 2579; x_wconf 85' lang='lat' dir='ltr'><strong>ibi</strong></span> <span class='ocrx_word' id='word_1_193' title='bbox 741 2524 777 2579; x_wconf 92' lang='lat' dir='ltr'><strong>de</strong></span> <span class='ocrx_word' id='word_1_194' title='bbox 789 2522 875 2578; x_wconf 89' lang='lat' dir='ltr'><strong>rebus</strong></span> <span class='ocrx_word' id='word_1_195' title='bbox 886 2522 999 2579; x_wconf 89' lang='lat' dir='ltr'><strong>delibe-</strong></span> 
     </span>
     <span class='ocr_line' id='line_1_28' title="bbox 103 2602 1000 2679; baseline 0.002 -24"><span class='ocrx_word' id='word_1_196' title='bbox 103 2614 232 2670; x_wconf 86' lang='lat' dir='ltr'><strong>raretur,</strong></span> <span class='ocrx_word' id='word_1_197' title='bbox 248 2602 373 2674; x_wconf 89' lang='lat' dir='ltr'><strong>quodam</strong></span> <span class='ocrx_word' id='word_1_198' title='bbox 389 2603 477 2655; x_wconf 89' lang='lat' dir='ltr'><strong>modo</strong></span> <span class='ocrx_word' id='word_1_199' title='bbox 498 2605 623 2673; x_wconf 88' lang='lat' dir='ltr'><strong>latebat,</strong></span> <span class='ocrx_word' id='word_1_200' title='bbox 636 2622 726 2678; x_wconf 89' lang='lat' dir='ltr'><strong>quum</strong></span> <span class='ocrx_word' id='word_1_201' title='bbox 744 2615 838 2659; x_wconf 90' lang='lat' dir='ltr'><strong>tamen</strong></span> <span class='ocrx_word' id='word_1_202' title='bbox 858 2621 911 2679; x_wconf 88' lang='lat' dir='ltr'><strong>per</strong></span> <span class='ocrx_word' id='word_1_203' title='bbox 934 2621 1000 2658; x_wconf 88' lang='lat' dir='ltr'><strong>eum</strong></span> 
     </span>
     <span class='ocr_line' id='line_1_29' title="bbox 104 2678 490 2755; baseline -0.01 -19"><span class='ocrx_word' id='word_1_204' title='bbox 104 2699 194 2736; x_wconf 89' lang='lat' dir='ltr'><strong>unum</strong></span> <span class='ocrx_word' id='word_1_205' title='bbox 206 2691 375 2755; x_wconf 84' lang='lat' dir='ltr'><strong>gererentur</strong></span> <span class='ocrx_word' id='word_1_206' title='bbox 387 2678 490 2735; x_wconf 90' lang='lat' dir='ltr'><strong>omnia.</strong></span> 
     </span>
    </p>
   </div>
   <div class='ocr_carea' id='block_1_6' title="bbox 105 2824 998 2896">
    <p class='ocr_par' dir='ltr' id='par_1_6' title="bbox 105 2824 998 2896">
     <span class='ocr_line' id='line_1_30' title="bbox 105 2824 998 2896; baseline -0.009 -14"><span class='ocrx_word' id='word_1_207' title='bbox 105 2835 174 2883; x_wconf 85' lang='lat' dir='ltr'><strong>vm.</strong></span> <span class='ocrx_word' id='word_1_208' title='bbox 195 2836 324 2896; x_wconf 78' lang='lat' dir='ltr'><strong>Eumenes,</strong></span> <span class='ocrx_word' id='word_1_209' title='bbox 343 2829 458 2896; x_wconf 78' lang='lat' dir='ltr'><strong>Antigoni</strong></span> <span class='ocrx_word' id='word_1_210' title='bbox 472 2828 560 2893; x_wconf 85' lang='lat' dir='ltr'><strong>victor,</strong></span> <span class='ocrx_word' id='word_1_211' title='bbox 578 2835 743 2880; x_wconf 73' lang='lat' dir='ltr'><strong>veteranorum</strong></span> <span class='ocrx_word' id='word_1_212' title='bbox 754 2825 846 2878; x_wconf 86' lang='lat' dir='ltr'><strong>licentia</strong></span> <span class='ocrx_word' id='word_1_213' title='bbox 866 2824 998 2892; x_wconf 84' lang='lat' dir='ltr'><strong>impeditur.</strong></span> 
     </span>
    </p>
   </div>
   <div class='ocr_carea' id='block_1_7' title="bbox 105 2949 1004 3514">
    <p class='ocr_par' dir='ltr' id='par_1_7' title="bbox 105 2949 1004 3514">
     <span class='ocr_line' id='line_1_31' title="bbox 144 2949 1003 3030; baseline -0.005 -18"><span class='ocrx_word' id='word_1_214' title='bbox 144 2957 201 3013; x_wconf 82' lang='lat' dir='ltr'><strong>Hrc</strong></span> <span class='ocrx_word' id='word_1_215' title='bbox 217 2955 247 3012; x_wconf 89' lang='lat' dir='ltr'><strong>in</strong></span> <span class='ocrx_word' id='word_1_216' title='bbox 259 2952 429 3011; x_wconf 81' lang='lat' dir='ltr'><strong>Paraetacis²¹</strong></span> <span class='ocrx_word' id='word_1_217' title='bbox 448 2973 514 3009; x_wconf 93' lang='lat' dir='ltr'><strong>cum</strong></span> <span class='ocrx_word' id='word_1_218' title='bbox 532 2955 679 3030; x_wconf 79' lang='lat' dir='ltr'><strong>Antigono</strong></span> <span class='ocrx_word' id='word_1_219' title='bbox 698 2949 841 3022; x_wconf 84' lang='lat' dir='ltr'><strong>conflixit,</strong></span> <span class='ocrx_word' id='word_1_220' title='bbox 862 2968 921 3005; x_wconf 91' lang='lat' dir='ltr'><strong>non</strong></span> <span class='ocrx_word' id='word_1_221' title='bbox 943 2950 1003 3008; x_wconf 82' lang='lat' dir='ltr'><strong>acic</strong></span> 
     </span>
     <span class='ocr_line' id='line_1_32' title="bbox 106 3028 1002 3107; baseline -0.007 -15"><span class='ocrx_word' id='word_1_222' title='bbox 106 3037 253 3104; x_wconf 79' lang='lat' dir='ltr'><strong>instructa,</strong></span> <span class='ocrx_word' id='word_1_223' title='bbox 263 3035 312 3092; x_wconf 89' lang='lat' dir='ltr'><strong>sed</strong></span> <span class='ocrx_word' id='word_1_224' title='bbox 325 3035 354 3090; x_wconf 92' lang='lat' dir='ltr'><strong>in</strong></span> <span class='ocrx_word' id='word_1_225' title='bbox 367 3033 483 3101; x_wconf 89' lang='lat' dir='ltr'><strong>itinere,</strong></span> <span class='ocrx_word' id='word_1_226' title='bbox 503 3052 628 3107; x_wconf 88' lang='lat' dir='ltr'><strong>eumque</strong></span> <span class='ocrx_word' id='word_1_227' title='bbox 640 3034 713 3090; x_wconf 74' lang='lat' dir='ltr'><strong>male</strong></span> <span class='ocrx_word' id='word_1_228' title='bbox 730 3040 877 3106; x_wconf 88' lang='lat' dir='ltr'><strong>acceptum</strong></span> <span class='ocrx_word' id='word_1_229' title='bbox 892 3028 922 3084; x_wconf 93' lang='lat' dir='ltr'><strong>in</strong></span> <span class='ocrx_word' id='word_1_230' title='bbox 936 3030 1002 3086; x_wconf 84' lang='lat' dir='ltr'><strong>Me-</strong></span> 
     </span>
     <span class='ocr_line' id='line_1_33' title="bbox 105 3107 1003 3189; baseline -0.008 -16"><span class='ocrx_word' id='word_1_231' title='bbox 105 3117 180 3175; x_wconf 83' lang='lat' dir='ltr'><strong>diam</strong></span> <span class='ocrx_word' id='word_1_232' title='bbox 202 3115 358 3171; x_wconf 89' lang='lat' dir='ltr'><strong>hiematum</strong></span> <span class='ocrx_word' id='word_1_233' title='bbox 377 3113 469 3189; x_wconf 81' lang='lat' dir='ltr'><strong>coegit</strong></span> <span class='ocrx_word' id='word_1_234' title='bbox 488 3112 593 3169; x_wconf 85' lang='lat' dir='ltr'><strong>redire.</strong></span> <span class='ocrx_word' id='word_1_235' title='bbox 616 3115 679 3188; x_wconf 85' lang='lat' dir='ltr'><strong>lpse</strong></span> <span class='ocrx_word' id='word_1_236' title='bbox 699 3112 730 3168; x_wconf 90' lang='lat' dir='ltr'><strong>in</strong></span> <span class='ocrx_word' id='word_1_237' title='bbox 751 3110 871 3165; x_wconf 77' lang='lat' dir='ltr'><strong>finitima</strong></span> <span class='ocrx_word' id='word_1_238' title='bbox 885 3107 1003 3183; x_wconf 83' lang='lat' dir='ltr'><strong>regione</strong></span> 
     </span>
     <span class='ocr_line' id='line_1_34' title="bbox 107 3185 1003 3271; baseline -0.015 -15"><span class='ocrx_word' id='word_1_239' title='bbox 107 3195 227 3257; x_wconf 88' lang='lat' dir='ltr'><strong>Persidis</strong></span> <span class='ocrx_word' id='word_1_240' title='bbox 245 3194 401 3253; x_wconf 89' lang='lat' dir='ltr'><strong>hiematum</strong></span> <span class='ocrx_word' id='word_1_241' title='bbox 420 3192 516 3271; x_wconf 86' lang='lat' dir='ltr'><strong>copias</strong></span> <span class='ocrx_word' id='word_1_242' title='bbox 535 3191 642 3263; x_wconf 82' lang='lat' dir='ltr'><strong>divisit,</strong></span> <span class='ocrx_word' id='word_1_243' title='bbox 662 3210 722 3248; x_wconf 90' lang='lat' dir='ltr'><strong>non</strong></span> <span class='ocrx_word' id='word_1_244' title='bbox 741 3201 773 3249; x_wconf 89' lang='lat' dir='ltr'><strong>ut</strong></span> <span class='ocrx_word' id='word_1_245' title='bbox 791 3189 896 3259; x_wconf 79' lang='lat' dir='ltr'><strong>voluit,</strong></span> <span class='ocrx_word' id='word_1_246' title='bbox 910 3185 1003 3245; x_wconf 84' lang='lat' dir='ltr'><strong>sedat</strong></span> 
     </span>
     <span class='ocr_line' id='line_1_35' title="bbox 105 3269 1003 3354; baseline -0.011 -18"><span class='ocrx_word' id='word_1_247' title='bbox 105 3281 227 3336; x_wconf 82' lang='lat' dir='ltr'><strong>rnilitum</strong></span> <span class='ocrx_word' id='word_1_248' title='bbox 248 3279 368 3354; x_wconf 85' lang='lat' dir='ltr'><strong>cogebat</strong></span> <span class='ocrx_word' id='word_1_249' title='bbox 382 3277 522 3331; x_wconf 83' lang='lat' dir='ltr'><strong>voluntas.</strong></span> <span class='ocrx_word' id='word_1_250' title='bbox 536 3277 665 3348; x_wconf 87' lang='lat' dir='ltr'><strong>Namque</strong></span> <span class='ocrx_word' id='word_1_251' title='bbox 677 3273 726 3328; x_wconf 90' lang='lat' dir='ltr'><strong>illa</strong></span> <span class='ocrx_word' id='word_1_252' title='bbox 741 3271 869 3347; x_wconf 88' lang='lat' dir='ltr'><strong>phalanx</strong></span> <span class='ocrx_word' id='word_1_253' title='bbox 880 3269 1003 3326; x_wconf 82' lang='lat' dir='ltr'><strong>Alexan·</strong></span> 
     </span>
     <span class='ocr_line' id='line_1_36' title="bbox 106 3345 998 3433; baseline -0.012 -20"><span class='ocrx_word' id='word_1_254' title='bbox 106 3357 153 3414; x_wconf 86' lang='lat' dir='ltr'><strong>dri</strong></span> <span class='ocrx_word' id='word_1_255' title='bbox 159 3358 258 3433; x_wconf 86' lang='lat' dir='ltr'><strong>Magni</strong></span> <span class='ocrx_word' id='word_1_256' title='bbox 270 3377 332 3432; x_wconf 84' lang='lat' dir='ltr'><strong>quae</strong></span> <span class='ocrx_word' id='word_1_257' title='bbox 344 3356 438 3412; x_wconf 82' lang='lat' dir='ltr'><strong>Asiam</strong></span> <span class='ocrx_word' id='word_1_258' title='bbox 450 3356 617 3431; x_wconf 78' lang='lat' dir='ltr'><strong>peragrarat</strong></span> <span class='ocrx_word' id='word_1_259' title='bbox 628 3353 826 3426; x_wconf 81' lang='lat' dir='ltr'><strong>deviceratque</strong></span> <span class='ocrx_word' id='word_1_260' title='bbox 837 3352 947 3415; x_wconf 90' lang='lat' dir='ltr'><strong>Persas,</strong></span> <span class='ocrx_word' id='word_1_261' title='bbox 955 3345 998 3402; x_wconf 89' lang='lat' dir='ltr'><strong>in·</strong></span> 
     </span>
     <span class='ocr_line' id='line_1_37' title="bbox 107 3432 1004 3514; baseline -0.014 -22"><span class='ocrx_word' id='word_1_262' title='bbox 107 3440 231 3494; x_wconf 77' lang='lat' dir='ltr'><strong>veterata</strong></span> <span class='ocrx_word' id='word_1_263' title='bbox 245 3457 336 3510; x_wconf 88' lang='lat' dir='ltr'><strong>quum</strong></span> <span class='ocrx_word' id='word_1_264' title='bbox 350 3436 458 3514; x_wconf 77' lang='lat' dir='ltr'><strong>gloria,</strong></span> <span class='ocrx_word' id='word_1_265' title='bbox 472 3447 532 3493; x_wconf 88' lang='lat' dir='ltr'><strong>tum</strong></span> <span class='ocrx_word' id='word_1_266' title='bbox 546 3434 629 3492; x_wconf 88' lang='lat' dir='ltr'><strong>etiam</strong></span> <span class='ocrx_word' id='word_1_267' title='bbox 640 3432 769 3503; x_wconf 79' lang='lat' dir='ltr'><strong>licentia,</strong></span> <span class='ocrx_word' id='word_1_268' title='bbox 784 3449 845 3487; x_wconf 92' lang='lat' dir='ltr'><strong>non</strong></span> <span class='ocrx_word' id='word_1_269' title='bbox 856 3442 961 3498; x_wconf 84' lang='lat' dir='ltr'><strong>parere</strong></span> <span class='ocrx_word' id='word_1_270' title='bbox 972 3440 1004 3481; x_wconf 88' lang='lat' dir='ltr'><strong>se</strong></span> 
     </span>
    </p>
   </div>
   <div class='ocr_carea' id='block_1_8' title="bbox 0 0 1119 3892">
    <p class='ocr_par' dir='ltr' id='par_1_8' title="bbox 0 0 1119 3892">
     <span class='ocr_line' id='line_1_38' title="bbox 0 0 1119 3892; baseline 0 0"><span class='ocrx_word' id='word_1_271' title='bbox 0 0 1119 3892; x_wconf 95' lang='lat' dir='ltr'><strong> </strong></span> 
     </span>
    </p>
   </div>
  </div>
 </body>
</html>
