2228 3892
414 333 650 382 ALCIBIADES.
955 341 987 389 25

95 427 226 500 Ejusdem
247 427 336 499 operi
347 424 455 480 Ioniam
473 445 489 480 a
504 425 634 481 societate
651 436 815 483 averterunt
831 427 987 486 Athenien-

94 505 166 561 sium
178 525 185 560 ε
196 524 254 579 quo
267 504 357 573 facto,
369 505 460 558 multb
473 505 633 577 superiores
645 504 721 559 hello
737 522 794 559 esse
806 517 962 579 coeperunt.

121 648 164 696 Ν.
185 643 304 711 Spartanis
320 652 440 709 suspectus
453 643 587 694 Alcibiades
602 645 630 693 acl
647 643 826 710 Tissaphernem
838 645 914 706 acuit,
928 656 961 710 et¹

312 713 492 762 Atheniensium
504 713 616 762 exercitui
627 713 773 762 conciliatur.

132 842 233 908 Narona
250 844 320 898 verb
339 842 383 898 his
401 842 486 898 rebus
504 854 560 898 tam
577 843 657 898 amici
678 843 816 898 Alcibiadi
836 856 900 900 sunt
921 845 984 900 facti

94 920 182 994 quiam
190 923 291 975 timore
298 922 333 976 ub
343 941 377 976 eo
385 921 504 976 alienati.
512 923 584 976 Nam
592 961 600 989 ,
609 941 698 994 quum
710 923 839 978 acerrimi
848 922 900 976 viri
909 942 984 995 prae·

93 1010 210 1055 stantem
222 1000 402 1073 prudentiam
409 1000 577 1056 inomnibus
589 1003 673 1056 rebus
686 1011 903 1073 cognoscerent,
916 1020 984 1073 pcr-

92 1077 248 1132 timucrunt
262 1098 311 1146 ne,
325 1079 440 1134 caritate
454 1079 551 1152 patriae
569 1080 684 1144 ductus,
699 1079 852 1150 aliquando
865 1078 900 1130 ab
920 1078 984 1150 ipsis

92 1154 271 1221 descisceret,
284 1169 311 1212 et
323 1157 449 1212 cumsuis
463 1157 492 1210 in
505 1156 623 1229 gratiam
635 1155 758 1210 rediret:
772 1156 864 1227 itaque
875 1168 985 1228 tempus

92 1232 152 1304 ejus
163 1233 486 1306 interficiendiquaerere
498 1234 685 1289 instituerunt.
697 1234 729 1288 Id
739 1231 898 1288 Alcibiadi¹¹
916 1233 979 1288 diu-

92 1311 147 1366 tius
162 1312 250 1366 celari
263 1330 322 1365 nou
341 1312 454 1383 potuit:
471 1323 531 1366 erat
549 1311 623 1366 enim
642 1313 674 1366 ed
690 1313 835 1385 sagacitate
848 1324 879 1366 ut
891 1313 982 1386 decipi
1070 1346 1074 1355 ·

93 1407 153 1442 non
168 1401 276 1462 posset,
294 1389 448 1463 presertim
467 1409 557 1463 quum
572 1391 696 1446 animum
709 1392 868 1445 attendisset
884 1391 919 1444 ad
934 1409 983 1444 ca*

93 1466 224 1523 vendam.
237 1469 335 1540 Itaque
347 1468 382 1522 ad
395 1469 625 1542 Tissaphernem,
638 1469 799 1542 praefectum
813 1469 885 1540 regis
893 1469 981 1537 Darii,

94 1563 121 1601 se
132 1546 259 1601 contulit.
274 1547 360 1618 Cujus
367 1566 456 1619 quum
469 1547 497 1600 in
508 1547 785 1601 intimamamicitiam
797 1547 981 1620 pervenisset,

93 1634 121 1678 et
129 1625 358 1694 Atheniensium,
371 1625 443 1681 male
458 1626 539 1698 gestis
550 1625 579 1679 in
594 1626 686 1682 Sicilia
698 1625 796 1691 rebus,
810 1645 877 1698 opes
886 1643 982 1680 senes·

92 1701 190 1770 ceren,
206 1703 308 1759 contra
324 1704 603 1759 Lacedaemoniorum
616 1722 742 1758 crescere
757 1704 881 1770 videret3
902 1703 981 1758 initio

91 1799 156 1837 cum
168 1783 303 1837 Pisandro
311 1794 434 1856 praetore
439 1825 447 1853 ,
457 1783 589 1856 quiapud
602 1786 715 1838 Samum
727 1783 881 1837 exercitum
894 1782 981 1834 habc-

92 1861 153 1927 bat,
165 1879 219 1933 per
235 1860 425 1916 internuntios
448 1861 637 1933 colloquitur,
654 1872 681 1914 et
700 1862 734 1914 de
748 1862 839 1913 reditu
852 1879 902 1913 suo
918 1859 981 1914 facit

90 1939 262 1993 mentionem
278 1959 284 1992 :
298 1950 359 1993 erat
376 1939 450 1991 enim
470 1940 585 2003 eodem,
608 1957 666 2008 quo
690 1938 859 2004 Alcibiades,
883 1955 979 1990 sensu:

90 2017 191 2090 populi
203 2017 334 2089 potentiae
346 2034 405 2068 non
418 2016 521 2070 amicus
531 2027 558 2070 et
570 2017 735 2088 optimatum
755 2015 856 2068 fautor.
873 2015 917 2069 Ab
926 2015 981 2069 hoc

89 2094 251 2159 destitutus,
273 2094 396 2166 primiim
408 2113 459 2167 per
482 2093 726 2167 Thrasybulu1u¹³,
740 2093 805 2167 Lyci
825 2092 928 2158 lilium,
944 2093 980 2147 ab

91 2172 215 2226 exercitu
241 2173 391 2244 recipitur,
412 2184 575 2246 praetorque
600 2171 632 2226 fit
651 2173 726 2245 apud
749 2177 870 2226 Samum.
900 2174 977 2240 Pdst,

90 2248 260 2323 suffragante
268 2250 452 2304 Theramene¹
458 2250 680 2324 ³,populiscito¹⁴
689 2251 853 2315 restituitur,
862 2250 980 2322 parique

91 2326 189 2382 absens
204 2327 240 2381 im
242 2329 322 2400 perio
334 2328 487 2403 praeficitur
500 2328 583 2384 simul
595 2348 660 2382 cum
669 2328 848 2416 Thrasybulo
861 2339 887 2380 et
900 2328 978 2381 The-

90 2424 213 2460 ramene.
227 2407 353 2461 Horum
347 2428 375 2460 m
384 2426 472 2479 imper
475 2427 501 2461 ιο
511 2419 584 2460 tanta
593 2405 775 2458 commutatio
792 2423 886 2457 rerum
908 2404 986 2473 facta

90 2494 132 2537 cst
152 2495 183 2537 ut
201 2485 416 2552 Lacedaemonii,
437 2484 486 2555 qui
505 2483 591 2570 paulo
606 2483 669 2538 ante
683 2483 803 2537 victores
812 2482 978 2573 viguerant,

91 2561 234 2633 perterriti
244 2576 340 2634 pacem
349 2560 510 2634 peterent¹⁵.
517 2551 588 2616 Victi
598 2561 671 2615 enim
681 2573 760 2616 erant
771 2562 896 2632 quinque
906 2579 969 2632 prae«

91 2637 134 2692 liis
158 2639 357 2724 terrestribus,
380 2639 469 2695 tribus
488 2638 673 2706 navalibus3'
666 2660 694 2694 m
717 2640 819 2711 quibus
844 2640 976 2697 ducentas

89 2735 173 2772 naves
186 2718 312 2774 triremes
324 2719 485 2786 amiserant,
498 2730 654 2791 quaecaptae
666 2718 694 2773 in
707 2718 830 2772 hostium
842 2727 977 2773 venerant

89 2807 262 2869 potestatem.
276 2773 437 2853 Alcibiades'
452 2797 534 2852 simul
558 2815 621 2850 cum
639 2797 753 2872 collegis
766 2808 911 2870 receperat
928 2797 977 2851 lo·

89 2874 163 2929 niam
171 2877 421 2950 ,Hellespontum,
431 2876 531 2931 multas
542 2887 675 2949 praeterea
685 2876 769 2932 urbes
782 2879 901 2941 Graecas,
914 2893 976 2946 quae

89 2951 118 3005 in
133 2914 184 3009 ori
196 2954 254 3009 sitae
270 2966 335 3009 sunt
347 2954 430 3020 Asiae,
446 2973 568 3028 quarum
591 2957 786 3030 expugnarant
800 2954 975 3046 complures.

89 3029 118 3083 in
129 3030 173 3084 his
185 3033 358 3103 Byzantium
372 3033 470 3106 Neque
484 3033 576 3088 minias
591 3034 692 3090 multas
701 3034 818 3089 consilio
831 3033 867 3088 ad
878 3032 975 3087 amici-

89 3105 156 3161 tiam
171 3109 376 3180 adjunxerant,
392 3113 493 3185 qubd'
487 3133 515 3167 m
532 3123 629 3186 captos
640 3113 785 3168 clementia
800 3112 912 3168 fuerant
924 3108 975 3162 nsi.

90 3185 158 3241 lude
171 3189 269 3260 praeda
282 3193 387 3258 onusti,
400 3191 573 3266 locupletato
593 3193 719 3249 exercitu
740 3195 871 3254 maximis
889 3197 975 3257 rebus

86 3263 170 3334 gestis
195 3267 319 3324 Athenas
330 3280 477 3324 venerunt

947 3357 962 3368 ι..

959 3386 993 3419 :aad

743 3485 745 3488 ι
836 3414 851 3465 l
