2228 3892
233 342 359 390 VERBA
377 342 445 389 SEU
462 342 646 391 netsroba
663 338 878 392 condilum.
952 343 1005 395 dib

109 438 196 498 nostri
214 460 273 498 non
288 442 431 516 peribunt,
446 453 547 515 atque,
560 443 603 497 uti
616 461 693 499 nunc
706 441 772 498 sunt
779 482 787 513 ,
800 451 897 514 erunt,
908 443 1004 521 potiba

108 519 195 594 quim
206 521 366 596 respublica
376 519 548 595 profligetur
559 532 644 594 atque
655 533 760 596 pereat.

389 683 503 719 sanz!
524 683 603 719 amo
625 683 720 719 Loco.

146 811 251 864 Veners
262 809 404 881 conceptis
416 807 545 880 dejerare
557 807 654 875 ausim,
666 819 856 883 praeterquam
863 807 1000 882 quiTiba

107 887 181 942 rium
201 886 362 942 Gracchum
385 888 537 955 necarunt,
561 889 703 943 neminem
728 886 872 942 inimicum
894 898 1004 944 tantum

105 965 239 1021 molestiae
250 967 416 1039 tantumque
427 966 541 1036 laboris,
551 977 691 1041 quantum
703 976 730 1022 te
744 966 783 1021 ob
795 965 845 1020 has
856 966 925 1032 res³,
933 964 1002 1019 mihi

106 1044 268 1113 tradidisse3
286 1064 370 1117 quem
388 1045 541 1120 oportebat
558 1045 688 1100 omnium
705 1063 822 1111 eorum,
837 1061 910 1115 quos
921 1052 1004 1098 ante-

105 1124 158 1179 bac
174 1123 325 1178 habuerim
341 1123 461 1192 liberos,
477 1135 572 1198 partes
588 1125 727 1190 tolerare,
749 1134 834 1195 atque
852 1138 954 1176 curare
971 1131 1004 1177 ut

105 1201 192 1274 quam
204 1202 352 1256 minimum
361 1202 592 1258 sollicitudinisin
604 1202 714 1258 senecta
724 1201 873 1268 haberem;
881 1197 1003 1272 utique⁴,

105 1299 291 1353 quaecumque
302 1300 411 1355 ageres,
424 1301 457 1337 ea
469 1281 555 1338 velles
565 1281 684 1337 maxime
697 1281 767 1335 mihi
779 1280 905 1354 plaeere,
915 1288 1002 1351 atque

105 1360 146 1414 uti
163 1359 240 1414 nefas
251 1359 371 1416 haberes
385 1380 483 1417 rerum
497 1360 653 1432 majorum⁵
665 1360 816 1416 adversum
830 1377 922 1413 meam
935 1375 1002 1413 sen-

104 1438 219 1494 tentiam
231 1439 385 1512 quidquam
394 1439 497 1499 ,facere
506 1439 665 1496 Praesertim
676 1437 767 1508 mihifi,
778 1437 824 1493 cui
836 1456 924 1512 parva
935 1453 1003 1509 pars

104 1518 166 1572 vitae
175 1529 312 1592 superest,
319 1537 355 1573 ne
366 1519 395 1573 id
405 1520 522 1593 quidem
533 1529 589 1573 tarn
600 1519 687 1574 breve
699 1518 821 1590 spatium
831 1525 924 1589 potest
935 1513 1000 1587 opi-

104 1596 288 1670 tulari‚.quin
300 1609 326 1654 et
338 1598 409 1652 mihi
420 1598 588 1669 adverseris,
602 1610 629 1653 et
640 1595 844 1670 rempublicam
857 1590 1000 1668 profliges

104 1675 235 1748 Denique
247 1695 310 1750 quae
320 1696 406 1752 pausa
419 1678 485 1746 erit,
497 1689 524 1733 et
536 1678 652 1750 quando
665 1676 772 1732 desinet
784 1673 888 1728 familia
900 1683 998 1727 nostra

104 1752 243 1810 insanire?
267 1768 295 1812 et
317 1757 433 1829 quando
456 1757 560 1813 modus
584 1757 609 1812 ei
638 1755 680 1811 rei
702 1753 803 1809 haberi
826 1750 950 1827 poterit?
974 1761 1001 1806 et

104 1835 219 1907 quando
232 1836 390 1892 desinemus
405 1848 432 1891 et
445 1835 581 1891 babentes
594 1847 621 1889 et
634 1833 792 1908 praebentes
804 1829 937 1887 molestiis
949 1829 1001 1884 de-

104 1912 232 1969 sisteret
249 1925 275 1969 et
295 1916 413 1986 quando
427 1913 615 1987 perpudescet
629 1911 771 1966 miscenda
784 1921 868 1982 atque
880 1919 999 1982 pertur-

124 1992 199 2048 anda
212 1992 373 2065 republica?
385 1993 442 2048 Sed
457 1992 480 2046 si
499 1992 617 2046 omnino
633 1990 663 2044 id
680 1987 744 2046 fieri
756 2007 817 2043 non
833 1997 938 2060 potest,
951 1984 1002 2040 ubi

104 2088 157 2145 ego
172 2081 286 2126 mortua
297 2089 364 2141 ero,
377 2071 464 2146 petito
480 2070 674 2137 tribunatum3
687 2079 754 2142 post
765 2085 811 2122 me
823 2065 908 2122 facito
921 2063 1001 2138 quod

103 2148 223 2218 lubebit,
238 2168 327 2222 quum
339 2170 392 2226 ego
406 2169 466 2205 non
483 2150 608 2205 sentiam.
622 2148 680 2203 Ubi
693 2158 807 2203 mortua
821 2164 881 2214 er0,
895 2161 1001 2218 paren-

104 2227 175 2283 tabis
190 2228 276 2296 mihi,
289 2241 317 2284 et
334 2229 480 2285 invocabis
497 2229 583 2282 deum
594 2227 763 2301 parentem⁸.
777 2227 812 2279 In
825 2243 858 2278 eo
871 2235 1002 2297 tempore

104 2324 164 2361 non
180 2305 270 2379 pudet
282 2318 307 2360 te
323 2326 425 2361 eornm
438 2305 525 2360 dedm
543 2324 642 2379 preces
654 2315 802 2377 expetere,
817 2320 905 2372 quos,
922 2299 1003 2356 vivos

104 2395 188 2457 atque
201 2396 363 2457 praesentes,
373 2385 484 2439 relictos
495 2394 579 2456 atque
591 2384 720 2438 desertos
730 2378 882 2434 habueris?
891 2375 1002 2432 Neille⁹

104 2463 176 2518 sinat
188 2463 299 2535 Jupiter
315 2475 343 2519 tc
359 2462 418 2518 ea¹⁰
429 2466 625 2536 perseverare,
634 2476 686 2514 nec
698 2458 749 2513 tibi
763 2467 869 2514 tantam
883 2455 1001 2511 demen-

106 2540 172 2595 tiam
183 2541 283 2595 venire
296 2541 325 2594 in
339 2541 478 2596 animum!
495 2540 544 2606 Et,
557 2540 580 2594 si
598 2555 776 2614 perseveras,
799 2553 902 2591 vereor
918 2553 954 2589 ue
974 2533 1002 2588 iu

106 2635 221 2672 omnem
233 2619 319 2672 vitam
340 2631 448 2675 tautum
475 2618 581 2674 laboris
603 2618 689 2693 culpi
707 2618 755 2674 tue
773 2615 892 2691 recipias
912 2612 999 2671 utiin

105 2694 186 2752 nullo
197 2707 326 2773 tempore
340 2696 421 2755 tute¹¹
438 2698 487 2753 tihi
499 2699 612 2774 placere
623 2697 721 2772 possis.
