2228 3892
489 288 617 340 CONON
733 314 735 316 ·
963 285 1000 341 33

100 383 177 458 apud
188 384 275 456 AEgos
286 379 407 436 flumeu²
418 380 508 454 copiae
521 373 736 436 Atheniensium
748 399 764 434 a
776 379 923 454 Lysandro
936 399 989 436 sun

100 462 225 517 devictae.
244 461 300 516 Sed
313 472 373 514 tum
398 459 509 527 abfuit3,
530 459 623 531 ebque
644 459 724 533 pejhs
747 477 793 514 res
810 457 1000 514 administrata

100 551 157 596 est:
167 559 232 594 nam
244 550 272 594 et
283 539 410 612 prudens
428 538 470 593 rei
481 537 609 592 militaris
626 548 654 593 et
663 538 782 612 diligens
794 548 854 593 erat
868 535 1001 611 impertit.

99 619 197 691 Itaque
209 618 315 673 nemini
324 629 384 672 erat
401 617 445 671 bis
464 617 642 690 temporibus
663 616 792 684 dubium,
817 617 840 671 si
854 615 1001 684 adfuisset,

99 695 175 752 illam
186 696 370 755 Athenienses
381 695 566 750 calamitatem
572 706 738 769 accepturos
748 715 807 752 non
818 695 910 750 fuisse.

129 865 161 910 ll.
177 865 275 924 Conon,
291 861 388 911 adflictis
397 861 479 928 patrias
492 861 575 981 rebuq,
590 861 742 912 Pharnabazo
754 860 837 911 conua'
849 865 977 928 Spartanos

484 933 537 985 usui
562 932 604 982 uit.

138 1055 234 1110 Rarus
248 1065 344 1110 autem
356 1053 489 1122 adflictis,
504 1074 593 1128 quum
606 1054 729 1128 patriam
739 1052 862 1110 obsideri
872 1051 1002 1123 audisset,

98 1150 158 1188 non
170 1133 297 1206 quaesivit
309 1134 424 1207 ubiipsc
437 1136 499 1189 tuto
510 1134 626 1199 viveret,
643 1133 692 1188 sed
704 1133 779 1186 tande
794 1131 924 1205 praesidio
932 1149 999 1204 pos-

99 1223 139 1266 set
147 1230 204 1266 esse
210 1212 318 1266 civibus
328 1213 392 1266 suis.
406 1213 504 1282 Itaque
511 1211 665 1266 eontulitse
675 1211 711 1264 ad
720 1211 947 1278 Pharnabazum,
954 1228 998 1264 sa-

101 1289 302 1362 ‚rapemloniae
311 1301 339 1344 et
349 1289 454 1363 Lydiae,
463 1290 651 1362 eumdemque
657 1289 807 1364 generum⁵
814 1289 888 1363 regis
896 1301 922 1344 et
928 1307 1000 1362 pro-

98 1366 258 1440 pinquum;
276 1368 352 1441 apud
373 1386 457 1439 quem
478 1379 510 1422 ut
528 1368 650 1423 multum
663 1369 753 1441 gratiai
771 1369 893 1435 valeret,
907 1368 1000 1423 multo

101 1445 202 1501 labore
219 1445 369 1517 multisque
382 1445 473 1501 effecit
484 1447 627 1520 periculis.
649 1449 737 1514 Nam,
755 1466 844 1519 quum
863 1445 999 1502 Lacedae-

100 1525 204 1590 monii,
220 1525 442 1579 Atheniensibus
454 1525 584 1593 devictis,
597 1525 626 1579 in
638 1526 768 1580 socictate
780 1544 839 1579 non
852 1535 1000 1579 manerent

100 1621 186 1676 quarn
205 1621 270 1658 cum
285 1605 443 1659 Artaxerxe
464 1603 604 1673 fecerant,
625 1605 844 1678 Agesilaumque
863 1603 998 1658 bellatum

100 1682 238 1737 misissent
258 1682 288 1737 in
307 1682 416 1752 Asiam,
430 1682 552 1738 maxime
575 1682 715 1756 impulsia
729 1682 936 1756 Tissapherne,
948 1682 998 1754 qui

97 1779 132 1816 ex
143 1759 249 1816 intimis
261 1761 335 1835 regis
346 1761 382 1815 ab
395 1761 515 1816 amicitie
528 1760 587 1833 ejus
599 1760 741 1817 defecerat
752 1773 780 1817 et
791 1782 856 1816 eum
866 1761 998 1816 Lacedae-

96 1840 199 1895 moniis
219 1840 327 1896 coierat
346 1841 526 1911 societatem,
547 1839 626 1895 hune
643 1841 778 1895 advershs
797 1840 999 1896 Pharnabazus

96 1916 210 1972 habitus
228 1930 269 1973 est
283 1919 459 1992 imperator:
474 1937 506 1974 re
517 1918 632 1991 quidem
650 1920 719 1973 vera
737 1919 873 1973 exercitui
885 1916 998 1991 praefuit

94 1996 219 2064 Conon,
233 1998 351 2068 ejusque
368 1996 463 2050 omnia
480 1993 599 2051 arbitrio
619 2007 696 2071 gesta
715 2009 789 2052 sunt.
802 1997 857 2051 Hie'
875 1995 992 2051 mutata

97 2075 200 2130 ducem
211 2093 352 2129 summum
366 2074 527 2148 Agesilaum
537 2075 700 2149 impedivit,
716 2094 845 2150 saepeque
853 2075 914 2147 ejus
925 2093 996 2130 eon-

97 2153 165 2210 siliis
180 2153 295 2209 obstitit.
317 2156 415 2227 Neque
432 2155 502 2209 verb
515 2173 575 2209 non
596 2154 650 2209 fuit
670 2165 814 2229 apertum,
833 2155 855 2210 si
872 2154 920 2208 illc
937 2172 998 2210 non

96 2230 206 2301 fuisset,
218 2233 380 2306 Agesilaum
395 2233 503 2300 Asiam,
517 2235 615 2288 Tauro
626 2245 722 2300 tenus,
742 2234 804 2306 regi
820 2232 903 2288 fuisse
917 2250 998 2306 erep-
1030 2267 1032 2271 «

98 2321 204 2365 turum.
219 2311 275 2379 Qui
287 2324 472 2385 posteaquam
484 2311 604 2367 domum
620 2333 636 2366 a
648 2302 827 2366 suis'civibus
846 2321 999 2365 revocatus

99 2398 152 2456 est,
168 2389 247 2462 qubd
259 2391 361 2445 Boeotii
373 2401 401 2445 et
412 2390 599 2445 Athenienses
610 2389 827 2444 Lacedaemoniis
836 2387 944 2442 bellum
952 2387 998 2441 in-

98 2466 244 2535 dixerant,
257 2469 360 2524 Conon
373 2469 465 2524 nihilo
478 2468 567 2523 secius
579 2466 657 2540 apud
673 2465 823 2540 praefectos
842 2465 916 2540 regis
928 2483 995 2521 ver-

98 2544 226 2614 sabatur,
237 2547 339 2619 hisque
352 2545 487 2602 omnibus
498 2544 623 2602 maxiano
635 2558 696 2600 erat
709 2545 780 2602 usui.

133 2695 178 2740 111.
197 2693 296 2752 Conon,
311 2691 492 2758 Tissaphernem
507 2700 668 2748 accusaturus,
685 2709 727 2758 per
744 2690 833 2741 litteras
849 2691 897 2756 agit
908 2707 961 2742 cum

475 2768 615 2812 Artaxerxe.

136 2892 308 2948 Durrcaaar
320 2912 337 2948 a
350 2911 418 2967 rege
430 2893 650 2966 Tissaphernes,
675 2912 769 2967 neque
789 2892 819 2948 id
832 2902 890 2947 tam
910 2893 994 2947 Arta-¹

99 2970 179 3026 xerxi
188 2971 276 3044 quiam
289 2971 395 3028 caeteris
405 2983 467 3026 erat
476 2983 609 3046 apertum
619 2993 626 3028 z
637 2973 732 3028 multis
745 2971 820 3027 enim
831 2971 998 3045 magnisque

97 3048 205 3103 meritis
216 3049 294 3122 apud
303 3068 416 3125 regem,
431 3050 513 3107 etiam
525 3071 615 3125 quum
627 3052 657 3106 in
671 3050 766 3107 officio
781 3068 841 3104 non
852 3060 996 3117 maneret,

98 3125 216 3181 valebat.
233 3128 333 3201 Neque
351 3130 380 3185 id
390 3130 553 3187 mirandum
566 3132 588 3186 si
601 3149 661 3185 non
675 3129 755 3185 facile
768 3129 805 3183 ad
820 3128 997 3184 credendum

98 3204 303 3276 inducebatur,
321 3208 503 3265 reminiscens
518 3210 577 3282 ejus
597 3227 626 3264 se
646 3209 734 3282 operi
750 3209 858 3283 Cyrum
878 3207 997 3262 fratrem

97 3287 252 3357 superesse.
270 3286 362 3358 Hujus
384 3288 534 3344 accusandi
549 3287 638 3361 gratia
652 3288 755 3344 Conon
779 3305 796 3340 a
810 3283 997 3342 Pharnabazo

99 3360 134 3418 ad
148 3368 245 3439 regem
256 3364 368 3437 missus,
382 3377 563 3443 posteaquam
585 3367 675 3434 venit,
697 3363 839 3439 primiam,
860 3381 895 3420 ex
913 3381 995 3421 mors

909 3447 931 3495 2
