2228 3892
401 369 591 422 EUMENES·
928 380 959 426 75

23 523 25 528 ,
64 464 200 533 ducibus,
210 464 260 521 sed
278 463 421 539 imperare
437 463 614 538 postulabat,
631 472 664 519 ut
679 482 758 519 nune
775 465 901 520 veterani
917 465 964 520 fa-

64 544 143 600 ciunt
164 546 263 600 nostri,
280 546 379 617 Itaque
402 544 563 617 periculum
579 554 674 598 estne
694 542 798 598 faciant
822 544 901 618 quod
922 546 963 600 illi

63 623 207 695 fecerunt,
220 624 269 679 sul
282 623 527 697 intemperantia2²
538 621 683 693 nimiaque
695 620 807 678 licentii
823 634 855 678 ut
867 625 962 680 omnia

64 703 201 778 perdant,
214 721 308 775 neque
319 702 412 759 minirs
425 720 472 756 cos
486 721 552 756 cum
564 701 667 774 quibus
678 701 806 756 steterint
818 702 905 775 quam
913 705 963 759 ad-

63 783 161 839 versis
180 799 253 855 quos
268 781 395 837 fecerint.
413 780 500 850 Qubd
511 780 535 836 si
546 780 609 854 quis
626 780 745 836 illorum
760 791 961 838 veteranorum

64 863 140 934 legat
153 859 238 929 facta,
253 860 333 935 paria
352 860 458 915 horum
479 869 647 935 cognoseat,
666 878 760 934 neque
776 880 837 916 rem
856 862 959 930 ullam,

64 939 117 994 nisi
127 950 249 1013 tempus,
264 939 395 997 interesse
404 940 519 1013 judicet.
534 941 591 996 Sed
602 941 639 994 ad
652 940 715 995 illos
728 940 893 995 revertor23.
908 940 959 995 Hi-

63 1016 153 1073 berna
162 1031 353 1093 sumpserant,
372 1040 432 1076 non
453 1021 489 1075 ad
507 1040 591 1076 usum
608 1019 694 1086 belli,
715 1019 765 1073 sed
779 1018 816 1073 ad
832 1018 961 1092 ipsorum

64 1096 223 1167 luxuriam;
237 1099 379 1173 longeque
394 1099 467 1155 inter
479 1117 507 1153 se
519 1099 711 1154 discesserant.
728 1098 790 1152 Hoc
799 1097 963 1172 Antigonus,

63 1193 153 1249 quum
176 1179 371 1251 comperisset,
394 1178 621 1250 intelligeretque
648 1194 677 1230 se
702 1195 800 1249 parem
821 1195 881 1232 non
903 1195 961 1236 cese

63 1255 168 1328 paratis
181 1257 361 1323 adversariis,
373 1255 468 1310 statuit
488 1255 596 1328 aliquid
617 1254 670 1310 sibi
688 1255 799 1310 consilii
813 1255 882 1310 novi
902 1275 960 1314 esse

63 1334 241 1407 cupiendum.
257 1337 327 1390 Duae
340 1345 421 1389 erant
435 1334 486 1388 viae
504 1333 561 1407 qu'a
579 1354 614 1390 cx
634 1334 739 1402 Medis,
760 1334 811 1390 ubi
828 1336 875 1390 ille
893 1336 958 1392 bie-

62 1413 173 1481 mahat,
185 1414 221 1469 ad
233 1414 464 1470 adversariorum
482 1414 667 1469 hibernacula
690 1425 784 1487 posset
795 1415 940 1488 perveniri
952 1435 959 1470 ε

62 1510 186 1565 quarum
204 1493 322 1549 brevior
345 1511 397 1567 per
411 1495 472 1548 loca
485 1494 612 1560 deserta,
636 1511 699 1564 qnae
715 1511 800 1548 nemo
818 1492 960 1548 incolebat

61 1583 183 1646 propter
190 1592 270 1647 aquae
282 1573 423 1646 inopiam,
434 1573 568 1628 caeterdm
583 1573 695 1627 dierum
709 1583 768 1626 erat
783 1571 841 1628 fere
853 1572 960 1641 decem,

61 1651 108 1706 illa
121 1663 229 1722 autem,
242 1653 300 1726 qul
313 1672 410 1709 omnes
426 1652 634 1718 commeabant,
652 1652 742 1706 altero
755 1653 834 1706 tanti>
845 1651 959 1725 longio-

61 1730 279 1788 rem²⁴habehat
288 1732 461 1801 anfractum,
472 1733 521 1787 sed
534 1731 907 1806 eratcopiosaomniumque
916 1751 959 1786 re-

61 1828 126 1865 rum
147 1811 304 1868 abundans.
321 1813 380 1867 Hac
397 1812 419 1866 si
434 1810 678 1885 proficisceretur,
692 1811 865 1884 intelligebat
878 1811 959 1883 priris

61 1889 238 1946 adversarios
259 1891 411 1945 rescituros
424 1891 459 1944 de
473 1909 525 1944 suo
540 1891 663 1944 adventu
676 1890 763 1961 quam
776 1889 833 1962 ipse
849 1890 959 1944 tertiam

62 1979 170 2042 partem
180 1969 343 2024 confecisset
358 1968 478 2035 itineris,
490 1968 532 2022 sin
546 1987 599 2041 per
611 1967 672 2023 loca
685 1969 744 2023 sola
759 1968 958 2039 contenderet,

60 2048 191 2121 sperabat
206 2066 235 2103 se
247 2047 458 2121 imprudentem
474 2047 585 2103 hostem
598 2066 810 2121 oppressurum.
826 2047 870 2102 Ad
885 2047 958 2102 hane

60 2142 121 2184 rem
134 2126 355 2195 conficiendam,
368 2126 518 2201 imperavit
530 2126 617 2200 qu'am
631 2127 771 2199 plurimos
784 2137 860 2181 utres
874 2138 957 2199 atque

58 2207 142 2262 etiam
153 2208 259 2263 culleos
271 2207 447 2281 comparari,
455 2217 519 2280 post
531 2206 591 2261 haec
603 2206 753 2279 pabulum,
766 2216 901 2277 praeterea
914 2207 956 2259 ci—

58 2285 139 2341 baria
159 2297 238 2355 cocta
259 2287 372 2341 dierum
387 2285 501 2352 decem3
513 2285 626 2357 utque²⁵
640 2284 727 2357 quiam
746 2283 859 2338 minime
879 2282 958 2338 ficret

59 2365 131 2440 ignis
142 2365 170 2421 in
189 2364 303 2421 eastris:
318 2365 386 2435 iter,
402 2365 481 2436 quod
494 2364 630 2428 habebat,
644 2382 742 2418 omnes
755 2362 833 2416 celat.
849 2362 893 2417 Sic
907 2383 957 2435 pa-

76 2455 153 2514 atus,
166 2445 224 2519 qua
237 2445 434 2512 constituerat,
448 2441 646 2516 proficiscitur.

202 2631 248 2678 tx.
265 2631 382 2678 Eumenes
394 2625 481 2675 callido
497 2623 595 2675 consilio
609 2624 700 2675 hostem
712 2624 813 2674 deludit.

98 2796 246 2850 Drmnmm
254 2789 615 2868 ferespatiumconsecerat,
624 2809 713 2863 quum
723 2789 842 2845 exfumo
852 2799 953 2844 castro

58 2873 190 2947 rumejus
197 2873 318 2948 suspicio
327 2871 669 2938 allataestadEumenem,
678 2871 787 2925 hostem
797 2867 953 2942 appropin-
967 2901 968 2904 =

58 2971 156 3030 quare.
163 2953 346 3009 Conveniunt
358 2952 457 3019 duces,
466 2950 603 3023 quaeritur
609 2949 678 3023 quid
685 2969 757 3024 opus
765 2948 799 3002 sit
811 2946 892 3001 facto.
902 2947 953 3001 ln-

58 3031 223 3105 telligebant
234 3050 332 3087 omnes
346 3041 402 3086 tarn
416 3029 547 3085 celeriter
560 3030 654 3104 copias
674 3028 802 3102 ipsoram
823 3027 953 3081 contrabi

57 3128 118 3166 non
133 3129 214 3184 posse
226 3112 312 3184 quim
320 3111 480 3185 Antigonus
492 3108 634 3165 affuturus
646 3107 804 3163 videbatur.
815 3107 881 3173 Hic,
891 3124 954 3160 om-

57 3188 142 3245 nihus
163 3189 347 3246 titubantibus
374 3201 400 3245 et
424 3191 458 3245 de
479 3190 565 3245 rebus
586 3187 701 3243 summis
726 3183 954 3261 desperantibus,

57 3268 199 3326 Eumenes
211 3269 264 3338 ait,
278 3295 289 3321 a
301 3270 324 3326 si
337 3270 509 3326 celeritatem
528 3268 615 3324 velint
629 3266 765 3322 adhibere
780 3276 807 3320 et
819 3265 953 3336 imperata

55 3348 163 3422 facere,
177 3349 256 3423 quod
265 3350 328 3405 ante
340 3369 398 3405 non
413 3349 539 3418 fecerint,
547 3368 575 3403 se
586 3367 647 3404 rem
656 3343 953 3420 expediturumNam,

57 3430 137 3501 quod
150 3428 251 3486 diebus
269 3429 397 3502 quinque
416 3430 505 3485 hostis
520 3429 650 3484 transisse
664 3436 777 3501 posset,
792 3442 820 3481 se
837 3423 949 3480 effeetu-
