2228 3892
121 401 153 450 30
373 386 558 434 CORNELII
576 384 598 432 N
606 385 739 432 EPOTIS

111 504 160 541 nes
171 479 398 538 Lacedaemonios
411 479 546 535 vinceret
559 479 653 535 Fuisse
667 477 744 553 apud
753 476 892 546 Thracas,
910 476 1004 534 homi·

103 580 160 634 ¹nes
171 558 333 616 vinolentos
348 557 492 630 rebusque
508 558 634 614 venereis
645 556 770 613 deditos:
785 555 838 611 hos
850 572 967 628 quoque
976 555 1007 610 in

111 641 157 698 his
166 640 252 696 rebus
261 632 561 696 auteces'sissevenisse
569 637 605 692 ad
615 639 725 706 Persas,
733 634 810 710 apud
818 652 890 708 quos
898 650 1009 689 summa

111 721 171 776 laus
182 730 251 775 esset
262 717 375 774 sortiter
385 718 491 786 venari,
503 717 648 772 luxuriosi
656 716 764 772 vivere:
775 714 883 770 horum
894 710 932 768 sio
944 713 1009 766 imi

48 823 51 828 ·
112 809 201 854 tatum
212 797 446 854 consuetudinem
458 808 490 851 ut
497 796 537 851 ilii
549 795 602 869 ipsi
614 814 679 851 eum
691 794 721 850 in
729 794 774 850 his
785 792 904 849 maxime
915 790 998 846 admi·

114 889 255 934 rarentur.
270 876 381 945 Quibus
401 876 486 930 rebus
505 872 627 930 effecisse
649 885 696 944 ut,
717 873 794 948 apud
814 887 1010 946 quoscumque

114 969 197 1026 esset,
213 955 344 1031 princeps
357 965 526 1030 poneretur,
540 953 752 1025 habereturque
768 950 934 1007 carissimus.
951 947 1010 1026 Sed

114 1037 177 1092 satis
189 1037 224 1091 de
238 1035 310 1104 hoc;
323 1034 449 1108 reliquos
461 1031 617 1088 ordiamur.

114 1182 1002 1213 mmwmwmfflmuwnnzwu

368 1288 752 1362 'sanissimus
787 1374 790 1379 ,

134 1456 192 1503 Cer.
216 1456 234 1499 l.
255 1449 426 1517 Thiaspbulus,
442 1449 527 1498 virtute
540 1450 763 1514 elat·us,.pmu·iaua
781 1447 878 1509 triginta
888 1444 994 1510 tyrannii

521 1519 625 1570 libarat..

157 1656 376 1724 Tunasrauuus,
388 1656 455 1731 Lyci
466 1655 559 1724 filius,
573 1656 760 1711 Atheniensis.
775 1654 805 1712 Si
818 1668 871 1728 per
884 1669 913 1707 se
924 1649 1014 1707 virms

118 1735 176 1795 tine
187 1733 302 1789 fortuni
316 1734 501 1808 ponderanda
511 1734 555 1803 sit,
564 1734 666 1789 dubito
673 1733 720 1790 un¹
728 1735 805 1789 hunc
815 1731 941 1806 primum
949 1746 1014 1786 om·

117 1810 198 1890 ulum
213 1831 327 1888 ponam.
342 1813 387 1869 llli
399 1814 457 1872 sine
470 1814 559 1871 dubio
571 1814 712 1870 neminem
724 1810 847 1888 praefero
861 1808 934 1877 fide,
947 1825 1014 1864 eon·

118 1894 231 1956 stantib,
241 1890 436 1970 magnitudine
447 1895 545 1965 animi,
556 1894 582 1949 in
591 1893 711 1970 patriam
722 1909 829 1959 amore.
840 1885 1014 1965 Nam‚qu0d

37 2006 40 2013 ⁴
119 1969 201 2022 multi
212 1972 382 2037 voluerunt,
400 1971 483 2044 pauci
500 1982 671 2044 potuerunt,
690 1970 726 2026 ab
744 1986 804 2029 uno
818 1981 946 2048 tyranno
961 1984 1013 2042 pa-

119 2043 202 2130 triam
218 2044 357 2108 liberare,
373 2045 441 2099 huic
457 2048 575 2118 contigit
591 2059 622 2100 ut
638 2068 652 2101 a
667 2050 781 2120 triginta
794 2066 957 2122 oppressam
967 2056 1015 2120 ty·

119 2136 216 2175 ramus
231 2137 263 2172 ex
285 2119 418 2173 servitute
430 2121 458 2173 in
481 2122 639 2176 libertatem
651 2122 816 2177 vindicaret.
831 2126 905 2190 Sed,
920 2124 1015 2180 nescio

118 2215 176 2271 quo
190 2195 286 2264 modo,
302 2215 390 2268 quum
402 2215 467 2250 eum
479 2216 563 2252 nemo
576 2198 696 2254 anteiret
704 2198 748 2253 his
760 2199 922 2268 virtutibus,
931 2202 1015 2259 multi

118 2274 265 2331 nobilitate
278 2275 549 2349 praecucurrerunt2.
561 2275 697 2343 Primum,
704 2278 912 2350 Peloponnesio
923 2278 1014 2348 hello,

118 2355 207 2410 multa
222 2352 268 2408 hie
282 2352 341 2409 siue
353 2351 497 2407 Alcibiade
511 2353 606 2426 gessit,
616 2354 664 2409 ille
674 2356 781 2409 nullam
796 2373 857 2408 rem
868 2356 927 2411 sine
941 2357 1013 2412 hoc:

118 2451 182 2506 qarse
195 2433 243 2485 ille
261 2433 391 2487 universa
403 2432 525 2486 naturali
534 2425 667 2506 ‘quodam
687 2433 764 2489 hono
780 2432 844 2488 fecit
856 2433 951 2489 luerit
957 2434 1014 2490 Sed

117 2509 166 2566 illa
178 2520 271 2563 tamen
286 2509 381 2563 omnia
395 2514 555 2570 eommunia
568 2512 794 2588 imperatoribus
802 2532 868 2568 cum
880 2511 1015 2569 militibus

66 2607 70 2614 ·
117 2596 146 2643 et
156 2586 287 2654 fortuni,
300 2587 383 2661 quod
393 2587 420 2642 in
433 2591 523 2662 praelii
536 2611 678 2649 concursu
691 2594 749 2648 abit
764 2613 808 2650 res
820 2590 965 2649 aconsilio
978 2591 1015 2646 ad

120 2665 192 2722 vires
203 2665 317 2738 vimque
335 2668 529 2742 pregnantium.
543 2672 656 2743 ltaque,
666 2671 732 2742 jure
748 2690 816 2738 sno,
828 2669 1015 2725 nonnullaab

118 2746 293 2822 imperatore
310 2749 404 2815 miles,
420 2748 542 2822 plurima
559 2753 629 2805 verb
646 2750 763 2805 fortuna
777 2749 914 2817 vindicat,
929 2766 1016 2821 seque

118 2823 162 2882 his
173 2824 239 2900 plus
250 2826 369 2882 valuisse
380 2828 465 2899 qu'aru
474 2829 553 2885 ducis
562 2831 751 2905 prudentiam,
763 2830 830 2886 vere
841 2838 933 2903 potest
944 2845 1005 2901 prae

119 2904 222 2960 dicare.
236 2907 332 2974 Quare
344 2906 414 2960 iliud
426 2908 729 2981 magnificentissimum
745 2910 850 2965 factum
861 2904 1015 2981 proprium

119 2994 159 3039 est
172 2983 354 3059 Thrasybuli.
368 2987 455 3052 Nam,
468 3005 560 3059 quum-
574 2990 686 3063 triginta
701 2989 827 3064 tyranni,
843 2984 1014 3062 praepositio

119 3061 348 3131 Lacedaemoniis,
361 3066 495 3120 semitute
507 3085 655 3140 oppressas
666 3081 794 3124 tenerent
805 3068 939 3134 Athenas,
951 3065 1001 3138 plu

120 3143 208 3198 rimos
222 3141 318 3208 cives³‚
332 3145 436 3216 quibus
454 3145 482 3199 in
502 3144 578 3200 hello
591 3158 758 3221 pepercerat
769 3149 898 3213 fortuna,
911 3144 1016 3219 partim

121 3221 211 3293 patn'l
237 3223 424 3297 expulissent,
452 3225 555 3298 partim
581 3226 798 3295 hateriecissent,
824 3224 1017 3300 plurimorum

120 3298 197 3354 bona
211 3302 354 3374 publicata
369 3303 444 3359 inter
455 3321 485 3359 se
498 3303 669 3374 divisissent,
682 3325 742 3362 uon
757 3306 851 3364 solum
862 3300 1016 3380 printeP⁸⁴2

121 3377 169 3434 ted
181 3388 208 3432 et
222 3381 299 3437 mltis
309 3382 390 3440 initio
402 3383 511 3441 bellum
520 3382 566 3440 his
578 3384 687 3442 indixit
