2228 3892
176 390 214 444 76
436 383 623 432 corneum
640 384 805 432 suroris

175 502 241 538 rum
256 491 286 536 ut
303 498 362 534 non
379 478 473 533 minbs
486 478 605 533 totidem
627 478 741 534 dierum
752 478 843 552 spatio
858 478 1082 542 retardarem

175 578 266 635 quare
289 557 488 625 circumirent,
512 575 577 614 suas
599 559 720 632 quisque
741 559 837 632 copias
859 560 1083 618 contraheret·

175 641 222 696 Ad
234 638 373 713 Antigoni
379 648 474 692 autem
483 637 687 693 refrenandum
698 636 851 711 impetum.
861 638 916 693 tale
925 637 1082 715 capiteom-

175 719 278 776 silium.
294 720 395 774 Certos
412 716 497 771 mittit
506 717 638 773 homines
650 718 687 773 ad
699 717 812 772 infimos
829 728 941 774 montes
953 719 1007 792 qui
1023 719 1082 778 ob-

174 799 214 854 vti
237 806 304 853 eant
323 797 418 852 itineri
431 797 677 865 adversariorum,
689 796 790 870 hisque
796 795 930 870 praecipit
941 809 975 853 ut
983 799 1083 873 prim

172 889 275 946 nocte,
291 875 378 950 quim
390 875 521 932 latissime
539 877 663 950 possint,
678 876 757 950 ignes
770 874 874 930 saciant
885 876 974 948 quim
985 879 1082 936 maxi-

173 976 251 1026 mos,
263 969 349 1030 atque
357 956 412 1011 hos
420 955 544 1010 secundi
556 955 650 1029 vigilie
662 957 806 1022 minuant,
817 955 899 1010 tertie
906 957 1082 1037 perexigupe

172 1037 313 1105 reddant3
328 1047 373 1105 et,
391 1035 551 1091 assimulate
566 1046 728 1090 castrorum
744 1035 967 1104 consuetudine,
986 1038 1081 1113 suspi-

174 1116 286 1172 cionem
299 1116 425 1188 injiciant
433 1115 622 1182 hostibus,l1is
631 1114 701 1171 locis
710 1132 768 1170 esse
777 1125 877 1180 castra,
887 1133 921 1169 ac
929 1114 1080 1174 decorum

175 1195 300 1250 adventu
315 1214 373 1250 esse
384 1195 623 1269 praenuntiatum
646 1195 779 1268 idemque
795 1195 909 1268 posteri
928 1205 1014 1250 nocte
1031 1194 1080 1252 fa-

173 1273 258 1330 ciant.
278 1273 389 1342 Quibus
400 1274 571 1347 imperetum
588 1285 662 1342 erat,
674 1274 826 1348 diligenter
837 1284 1012 1348 preceptum
1024 1293 1080 1332 cn-

174 1351 274 1409 rant26.
293 1352 471 1426 Antigonus,
493 1352 617 1408 tenebris
638 1353 763 1422 obortis,
781 1353 861 1426 ignes
881 1352 1080 1428 conspicatum

174 1432 265 1488 credit
278 1433 315 1487 de
327 1451 379 1487 suo
392 1432 517 1488 adventu
535 1450 593 1487 esse
606 1427 749 1498 auditum,
768 1441 797 1485 et
815 1432 994 1488 adversarios
1008 1433 1080 1492 illuc

174 1531 238 1569 suas
250 1513 424 1568 contraxisse
435 1511 538 1586 copias.
553 1511 814 1579 Mutatconsilium3
826 1521 863 1579 et,
875 1511 1078 1583 quoninmitn-

172 1592 331 1664 prudentes
342 1591 452 1645 adoriri
460 1610 523 1645 non
535 1603 644 1664 posset,
657 1588 745 1647 flectit
763 1592 817 1646 iter
831 1609 928 1657 suum,
946 1601 975 1646 et
993 1591 1080 1651 illum

175 1667 334 1725 anfractum
344 1669 504 1743 longiorem
511 1670 632 1742 copiosae
638 1670 690 1724 viae
698 1671 785 1743 capit,
797 1669 893 1743 ibique
901 1669 977 1724 diem
985 1690 1079 1730 unum

174 1748 336 1825 opperitur,
349 1748 386 1803 ad
398 1748 590 1804 lassitudinem
600 1749 754 1803 sedandam
768 1749 890 1804 militum
901 1768 935 1805 ac
947 1747 1079 1809 reficien-

175 1829 212 1887 da
222 1829 367 1903 jumenta,
380 1829 440 1903 qud
453 1826 635 1903 integriore²⁷
646 1828 772 1884 exercitu
785 1828 962 1884 decemeret.

192 1983 228 2029 Χ.
245 1986 362 2029 Eumenes
377 1997 391 2028 a
405 1981 452 2029 suis
462 1980 583 2044 proditum
601 1980 679 2031 victor
689 1980 752 2030 victo
763 1979 790 2030 in
801 1979 930 2031 custodiam
944 1981 1050 2034 deditur

214 2117 296 2174 Hrc²⁷
309 2120 449 2174 Eumenes
456 2118 591 2174 callidum
603 2118 805 2192 imperatorem
813 2120 881 2174 vicit
888 2121 1019 2193 consilio,
1028 2142 1080 2182 ce-

175 2199 373 2273 leritatemque
388 2197 533 2272 impedivit
545 2197 640 2272 ejus²⁸.
653 2199 752 2270 Neque
765 2207 858 2252 tamen
870 2198 994 2254 multum
1007 2223 1081 2278 pro.

174 2278 241 2337 fecit
252 2301 259 2338 :
272 2301 338 2337 nam
360 2279 466 2334 invidie
480 2279 587 2334 ducum
603 2297 670 2332 cum
684 2277 788 2351 quibus
803 2289 878 2346 erat,
895 2277 1079 2357 perfidiaque

174 2361 297 2417 militum
311 2359 503 2417 Macedonum
514 2369 735 2426 veteranorum,
747 2377 838 2431 quum
856 2358 989 2431 superior
998 2381 1078 2435 PU?

175 2439 216 2495 lio
229 2440 409 2506 discessisset,
428 2440 574 2515 Antigono
590 2449 632 2494 est
647 2437 772 2506 deditus,
786 2455 877 2511 quum
897 2437 1078 2500 exercitusei

176 2527 220 2572 ter
235 2518 313 2584 ante,
328 2519 462 2588 separatis
474 2518 665 2592 temporibus,
682 2518 805 2591 jurnsset
820 2536 849 2573 se
861 2534 927 2573 eum
939 2516 1078 2578 defensu-

176 2613 259 2664 rum,
274 2612 467 2665 necunquam
482 2594 672 2651 deserturum.
686 2599 742 2653 Sed
754 2608 830 2652 tanta
848 2597 903 2652 fuit
913 2599 1096 2657 nonnullo-'

176 2690 244 2728 rum
254 2674 366 2729 virtutis
378 2671 572 2728 obtrectatio²⁸
584 2683 616 2726 ut
627 2672 714 2726 fidem
726 2677 854 2729 omittere
862 2675 1078 2749 mallentqubm
1094 2732 1098 2739 ,

176 2769 244 2808 eum
255 2772 314 2808 non
331 2752 465 2826 prodere.
476 2755 571 2825 Atque
584 2751 662 2805 hunc
677 2752 849 2825 Antigonus,
862 2771 952 2825 quum
965 2754 991 2807 ci
1002 2755 1078 2816 fuis-

177 2843 219 2888 set
231 2831 435 2901 iniestissimus,
455 2832 659 2900 conseruisset,
676 2831 699 2886 si
712 2850 766 2906 per
779 2850 845 2887 suos
858 2840 929 2886 esset
948 2830 1077 2907 licitum,

178 2913 258 2984 qubd
270 2913 307 2967 ab
318 2912 400 2966 nullo
421 2930 449 2966 se
466 2912 531 2985 plus
553 2911 683 2987 adjuvari
694 2930 776 2986 posse
794 2909 969 2985 intelligebat
987 2912 1018 2968 in
1031 2915 1077 2975 his

178 2990 264 3048 rebus
279 3011 348 3066 quas
360 2991 526 3065 impendere
537 2991 597 3062 jam
611 2992 764 3065 apparebat
781 2991 921 3047 omnibus.
934 2991 1076 3052 Immine-

178 3069 247 3126 buut
256 3072 331 3127 enim
341 3072 487 3140 Seleucus,
497 3070 692 3145 Lysimachus,
699 3068 1076 3146 Ptolemaeus²9‚opibusjnm

178 3151 314 3217 valentes,
323 3170 387 3206 cum
396 3151 499 3224 quibus
506 3149 573 3205 eide
584 3149 699 3205 summis
708 3149 795 3205 rebus
803 3162 863 3205 erat
873 3150 1076 3211 dimicandum.

179 3232 234 3288 Sed
247 3251 305 3287 uon
319 3231 391 3306 passi
401 3242 465 3286 sunt
476 3230 508 3284 bi
519 3229 570 3303 qui
580 3228 655 3286 circe
664 3241 759 3299 eraut;
767 3230 847 3303 qubd
855 3229 1006 3300 videbant,
1018 3225 1077 3291 Eu·¹

179 3328 260 3367 mene
274 3323 404 3386 recepto,
420 3329 518 3366 omnes
529 3328 588 3384 prae
605 3310 655 3364 illo
668 3309 750 3383 parvi
762 3310 883 3366 futuros.
899 3311 963 3384 lpse
981 3323 1078 3370 auten
1112 3364 1114 3382 ,

179 3391 340 3464 Antigonus
361 3392 432 3447 adeo
446 3402 506 3446 erat
527 3391 657 3446 incensus
675 3400 721 3461 ut,
734 3391 788 3448 nisi
803 3394 905 3466 magud
924 3408 974 3465 spe
984 3392 1093 3453 maxi·.

181 3485 289 3525 murum
303 3489 415 3538 rerum,
428 3470 512 3527 leniri
523 3489 584 3526 nou
594 3483 696 3540 posset.
