2228 3892
255 224 286 266 'i
331 284 362 328 τ.
382 250 610 331 notaremus
629 278 795 328 urricus.
970 283 1004 337 99

122 434 991 462 mmmsuwmwwummmwmwnsummwtno

234 557 273 628 T.
304 555 614 630 POMPONIUS
640 554 867 628 ATTICUS.

214 726 277 774 Cia.
291 728 314 772 1.
332 722 441 785 Atticus,
452 723 529 775 clarus
541 730 655 790 parente,
666 720 762 787 ingenio
777 731 800 771 et
812 723 895 772 studio.

147 864 1010 943 ¹hermannusraeticus,aborigineultima1stirpisttomune

107 957 270 1021 generatus,
289 947 445 1022 perpetuit²
466 967 483 1002 a
505 945 662 1020 majoribus
683 957 826 1020 acceptam
849 960 1007 1019 equestrem
1061 967 1063 971 ¹

107 1023 230 1082 obtinuit
248 1025 422 1101 dignitatem
437 1029 520 1083 Patre
539 1045 605 1082 usus
618 1036 657 1079 est
670 1025 832 1098 diligente³‚
846 1036 887 1093 et,
903 1035 1006 1082 uttam

106 1114 189 1160 eram
207 1113 352 1180 tempora,
374 1105 441 1172 diti,
464 1104 670 1178 inprimisque
691 1102 818 1159 studioso
839 1103 1005 1158 litterarum.

105 1179 180 1253 Hit,
192 1194 281 1256 prout
293 1183 352 1257 ipse
367 1184 479 1238 amabat
491 1183 614 1249 litteras,
629 1180 761 1237 omnibus
775 1181 927 1255 doctrinis,
941 1184 1008 1255 qui·
1038 1193 1040 1198 '

105 1258 160 1344 ltus
175 1261 294 1336 puerilis
314 1273 384 1317 retas,
396 1260 536 1336 impertiri
554 1260 654 1328 debet,
679 1259 770 1316 filium
790 1260 920 1317 erudivit.
938 1262 1007 1317 Erat

106 1350 201 1397 autem
212 1338 245 1396 iu
254 1359 364 1415 puero,
373 1351 478 1415 praeter
497 1340 669 1396 docilitatem
681 1339 803 1416 ingenii,
814 1359 922 1396 summa
936 1360 1003 1396 sua-

106 1417 178 1475 uitas
189 1418 247 1476 oris
258 1438 292 1476 ae
307 1420 398 1490 vocis,
416 1430 520 1475 utnon
534 1420 628 1477 sotum
644 1420 774 1475 celeriter
791 1420 931 1494 acciperet
944 1439 1006 1493 qua

106 1497 308 1568 tradebantur,
320 1498 466 1556 sedetiam
482 1499 879 1573 excellenter'pronuntiaret
893 1498 957 1568 Qua
972 1517 1006 1554 ex

105 1594 140 1633 re
150 1576 181 1632 in
194 1577 318 1651 pueritia
333 1579 438 1635 nobilis
449 1578 524 1634 inter
541 1577 661 1651 aequales
673 1577 834 1647 ferebatur,
847 1577 1006 1650 clariusque

105 1655 351 1729 exsplendescehat
364 1657 450 1731 quim
462 1657 604 1732 generosi⁴
617 1657 804 1732 condiscipuli
815 1657 910 1712 animo
923 1675 1003 1730 aequo

104 1731 181 1793 serre
195 1748 318 1810 possent.
330 1739 430 1811 Itaque
444 1737 578 1793 inritabat
594 1755 693 1792 omnes
706 1736 800 1792 studio
817 1756 884 1793 suo:
902 1737 1002 1808 quoin

107 1831 229 1873 numero
248 1815 368 1874 fueruat
383 1819 416 1873 L.
429 1817 609 1890 Torquatus,
624 1817 655 1870 C.
673 1816 783 1875 Marius
798 1815 887 1884 filius,
900 1817 940 1870 Μ.
954 1815 1002 1869 Ci-

106 1909 189 1962 cero;
200 1894 490 1966 quosoonsuetudine
502 1895 603 1951 suasio
620 1894 673 1950 sibi
690 1895 815 1949 devinxit
829 1906 861 1948 ut
876 1912 961 1948 nemo
975 1893 1003 1950 iis
1077 1928 1079 1933 ·

106 1971 245 2046 perpetui)
258 1971 345 2031 fuerit
357 1973 460 2028 carior.

182 2131 216 2179 11.
232 2127 341 2193 utica,
355 2126 453 2198 Sulpicii
467 2126 536 2177 eausl
546 2135 569 2177 et
584 2125 693 2178 Cinnano
707 2127 809 2178 tumultu
823 2127 929 2179 Athenas

350 2199 453 2259 delatus,
469 2198 569 2266 pecunii
578 2197 639 2265 juvit
649 2198 760 2248 Marium.

144 2349 240 2405 Parra
257 2347 369 2404 maturi
387 2344 511 2402 decessit.
533 2346 611 2419 lpse,
628 2343 867 2410 adolescentulus,
886 2355 1006 2418 propter

106 2425 271 2485 affinitatem
282 2430 313 2482 P.
325 2425 455 2500 Sulpicii,
469 2424 518 2497 qui
528 2424 662 2478 tribunus
674 2423 764 2496 [debis
776 2421 939 2476 interiectus
952 2434 1005 2490 est,

106 2519 160 2560 non
181 2525 283 2581 expers
297 2505 351 2561 fuit
363 2505 438 2559 illius
453 2501 588 2577 periculi:
603 2519 726 2575 namque
746 2500 862 2568 Anicia,
874 2504 1002 2575 Pompo-

70 2600 77 2606 ‘
105 2584 148 2643 nii
157 2585 339 2650 consobrina,
351 2592 486 2657 nupserat
495 2583 538 2636 Μ.
550 2581 658 2650 Servio,
667 2581 747 2636 fratri
759 2580 884 2655 Sulpicii.
893 2582 1002 2654 Itaque,

115 2662 254 2721 nterfecto
271 2662 414 2737 Sulpicio,
435 2671 618 2735 posteaquam
637 2661 707 2716 vidit
724 2659 868 2716 Cinnano⁴
878 2659 1004 2715 tumultu

121 2742 246 2799 ivitatem
266 2761 323 2798 esse
343 2741 555 2815 perturbatam,
573 2758 668 2813 neque
690 2739 741 2794 sibi
761 2739 824 2794 dari
844 2740 1003 2795 facultatem

107 2839 162 2898 pro
173 2821 310 2898 dignitate
322 2821 449 2888 vivendi,
462 2819 532 2892 quin
543 2819 707 2881 ulterutram
722 2830 833 2893 partem
846 2819 1004 2874 offenderet

107 2899 276 2980 (dissociatis
290 2899 389 2955 animis
402 2898 515 2966 civium,
528 2917 617 2970 quum
631 2899 678 2954 alii
690 2899 824 2968 Sullanis,
838 2898 884 2952 alii
897 2897 1003 2952 Cinna-

106 2979 293 3041 abnuerent
300 2975 454 3054 partibus),
466 2978 601 3037 idoneum
620 2989 731 3054 tempas
748 2988 826 3036 ratus
837 2975 935 3034 studiis
947 2975 1003 3030 oh-

106 3059 245 3132 aoqaeudi
256 3059 326 3127 suis,
336 3059 470 3123 Athenas.
479 3077 508 3119 se
519 3057 652 3119 ,contulit
662 3060 762 3130 Neque
779 3057 813 3112 ed
826 3056 914 3113 secius
931 3055 1003 3110 ado-

83 3170 87 3183 ·
107 3138 258 3195 laedentem
272 3138 410 3206 Maium
423 3137 718 3211 bostemjudieatum‚
729 3135 803 3209 juvit
817 3135 922 3211 opibus
933 3133 1004 3200 suis;

107 3217 301 3294 onitas-fugam
318 3218 439 3292 pecunia
451 3216 732 3285 sublevatumque
747 3215 796 3274 illa
811 3211 1003 3291 peregrinatio

107 3296 308 3356 detrimentum
324 3297 442 3371 aliquod
454 3297 572 3354 alserret
586 3295 630 3352 rei
642 3294 790 3366 fauriliari,
803 3293 905 3351 eodem
918 3310 1002 3377 mag-

106 3395 173 3435 uam
184 3388 296 3444 partem
306 3376 492 3437 fortunarum
500 3373 610 3445 trajecit
622 3392 749 3434 suarum.
