2228 3892
403 127 596 301 uu
758 162 760 167 ·

403 414 710 463 THEMISTOCLES.
998 429 1016 480 9

126 511 208 583 qutun
229 510 328 579 vellet,
354 518 498 578 moveret,
523 520 611 565 noctu
625 509 661 564 de
677 511 763 565 servis
776 509 846 579 suis,
861 528 945 583 quem
957 508 1014 565 ha-

120 588 183 644 buit
195 587 402 657 fidelissimum,
426 591 462 644 ad
485 608 582 664 regem
601 589 689 656 misit,
710 599 742 644 ut
761 589 786 644 ei
799 590 944 644 nuntiaret
958 589 1015 644 suis

121 668 247 737 verbistt,
267 693 280 719 a
288 669 474 724 Adversarios
490 669 551 740 ejus
570 668 600 722 in
611 668 678 741 fugit
689 687 759 736 esse3
774 658 824 741 niti
837 669 859 722 si
872 667 1014 724 discessis-

118 758 192 814 sent,
202 748 313 820 majore
325 767 390 803 cum
400 748 499 803 labore
512 758 539 802 et
550 746 758 821 longinquiore·
767 759 894 821 tempore
905 747 1014 802 bellum

117 825 333 896 confecturum,
348 846 438 899 quum
450 826 575 901 singulos
593 826 749 882 consectari
761 838 927 900 cogeretur5
941 845 1013 899 quos

117 904 140 958 'si
160 906 251 960 statim
272 907 489 980 aggrederetur,
508 906 591 968 brevi
612 906 758 961 universos
777 925 1011 979 oppressurumru
1077 928 1079 934 ¹

61 1003 64 1008 ·
117 983 179 1038 Hoc
191 984 225 1039 eo
237 985 349 1040 valebat
361 997 393 1040 ut
402 983 554 1059 ingratiis¹⁵
568 985 604 1040 ad
614 985 836 1059 depugnandum
851 1004 949 1040 omnes
961 1003 1012 1039 co-

116 1073 260 1134 gerentur.
276 1065 334 1120 Hac
347 1083 379 1120 re
390 1062 811 1132 audite,barbarur3⁵nihildoli
823 1064 933 1118 subesse
945 1081 1012 1118 cre-

116 1140 192 1210 dens,
202 1142 338 1215 postridie
343 1142 539 1198 alienissimo¹6
551 1143 605 1198 sibi
614 1144 689 1209 loco,
698 1141 799 1196 contri
808 1141 1014 1216 opportunissi-

116 1220 309 1288 mohostihus,
322 1223 394 1278 adeo
406 1234 526 1295 angusto
538 1222 611 1276 mari
618 1219 747 1276 conflixit
755 1232 787 1274 ut
795 1221 1013 1292 ejusmultitudo
1067 1274 1071 1281 ,

107 1298 231 1373 ¹navium
251 1300 387 1372 explicari
403 1320 464 1353 non
486 1300 620 1374 potuerit.
638 1299 734 1354 Victus
757 1318 827 1373 ergo
848 1311 903 1368 est,
924 1299 1012 1373 magis

115 1375 260 1432 consilio¹⁶
274 1378 471 1434 Themistoclis
482 1378 570 1451 quem
583 1377 667 1433 armis
677 1378 800 1434 Graeciae.

381 1522 414 1566 V.
435 1522 528 1567 Xerxes
538 1520 631 1584 Europa
644 1517 750 1584 pellitur.

318 1579 326 1605 Ι

153 1642 208 1698 Hm
220 1647 271 1699 etsi
281 1647 355 1700 male
375 1661 439 1699 rem
450 1654 589 1719 gesserat,
607 1654 702 1699 tamen
719 1654 809 1698 tantas
820 1643 944 1700 habebat
965 1660 1012 1702 re·

113 1718 214 1793 liquias
248 1723 397 1796 copiarum
421 1734 454 1778 ut
479 1723 562 1778 etiam
582 1742 648 1779 cum
667 1722 712 1778 his
733 1723 896 1797 opprimere
917 1734 1013 1798 posset
1050 1793 1052 1798 Ι

112 1798 216 1856 hostes.
240 1801 360 1857 Interim
383 1800 419 1856 ab
441 1800 567 1859 eodem¹⁷
591 1803 685 1878 gradu
708 1803 842 1877 depulsus
865 1813 914 1858 est.
938 1803 1012 1858 Nam

101 1877 327 1951 Themistocles,
341 1899 441 1938 verens
456 1901 494 1938 ne
511 1882 619 1937 bellare
634 1892 845 1956 perseveraret,
858 1880 1012 1937 certiorem

110 1973 176 2012 eum
185 1958 258 2026 fecit,
272 1960 326 2015 «ld
338 1961 382 2033 agi
394 1972 425 2015 ut
436 1980 526 2034 pons,
538 1979 624 2032 quem
638 1961 685 2014 ille
697 1962 726 2014 in
736 1961 921 2032 Hellesponto
934 1959 1011 2015 fece-

110 2045 163 2102 rat,
173 2036 384 2104 dissolveretur,
396 2057 427 2092 ac
439 2039 532 2093 reditu
540 2039 570 2092 in
579 2038 674 2093 Asiam
683 2037 1010 2119 excludereturpjldque

110 2112 136 2168 ei
144 2115 291 2188 persuasit.
310 2117 424 2190 ltaque,
443 2122 500 2190 qual
514 2135 564 2172 sex
583 2117 727 2173 mensibus
745 2116 799 2172 iter
818 2116 940 2187 fecerat,
958 2117 1010 2173 εὑ-

109 2191 210 2260 dem¹⁷,
226 2195 320 2252 minirs
331 2195 430 2252 diebus
441 2196 573 2270 wigurm,
584 2197 614 2251 in
624 2197 718 2253 Asiam
726 2200 858 2253 reversus
864 2208 915 2264 est,
923 2215 1009 2270 seque

109 2289 125 2325 a
136 2272 326 2330 Themistocle
338 2294 398 2331 non
410 2288 576 2350 superatum
589 2278 639 2332 sed
651 2287 849 2332 conservatum
861 2275 1008 2348 judicavit.

108 2349 155 2406 Sic
164 2351 249 2408 unius
259 2353 314 2409 viri
330 2355 483 2428 prudentie
498 2356 607 2411 Graecia
622 2355 741 2410 liberata
756 2366 810 2421 est,
825 2355 1009 2428 Europaeque

108 2430 256 2487 succubuit
266 2433 340 2488 Asia.
354 2435 419 2489 Haec
432 2435 521 2489 altera
529 2433 658 2500 victoria,
669 2452 733 2505 quae
744 2451 809 2487 cum
821 2433 1008 2490 Marathonio

107 2508 195 2580 possit
207 2528 271 2566 com
359 2513 369 2566 i
380 2523 507 2584 tropaeo:
522 2529 588 2564 nam
599 2512 663 2584 pari
675 2510 763 2565 modo
776 2511 853 2584 apud
866 2511 1008 2567 Salamina

106 2603 197 2658 parvo
206 2531 459 2725 mulvium
469 2587 592 2644 maxima
602 2600 667 2664 post
680 2588 832 2646 hominum
838 2591 1007 2647 memorium

106 2662 224 2720 classis¹⁸
236 2684 265 2722 cs
370 2679 405 2723 tn.

218 2816 264 2862 Ἦ.
284 2813 398 2864 Confecto
411 2812 476 2864 hello
486 2850 494 2875 ,
506 2812 676 2864 Themistocles
687 2829 766 2864 muros
776 2813 889 2867 restituit.

143 2937 266 2990 Maccus
278 2935 308 2990 in
320 2935 379 2992 hoc
396 2936 474 2991 bello
493 2935 696 2992 Themistocles
714 2935 782 3005 fuit,
798 2954 851 2991 nec
899 2934 904 2947 '
977 2935 983 2949 '
1015 2988 1019 2997 ,

105 3031 184 3088 pace.
199 3016 297 3084 Quum
315 3015 389 3071 enim
405 3015 543 3072 Phalereo
560 3027 663 3091 portu,
675 3033 770 3089 neque
789 2950 1036 3150 magnlouffi.

105 3090 198 3161 bono,
211 3093 393 3149 Athenienses
405 3090 914 3169 uterentur,hujusconsiliotriplex¹⁹

105 3181 206 3244 portus
214 3173 382 3229 constitutus
394 3185 449 3241 est;
458 3173 538 3247 isque
549 3173 691 3230 moenibus
702 3174 900 3240 circumdatus,
913 3181 945 3228 ut
956 3170 1004 3248 ip·

21 3288 25 3297 ·
105 3265 164 3304 sam
188 3251 290 3307 urbem
313 3252 447 3326 dignitate
474 3253 676 3330 aequipararet,
703 3253 823 3315 utilitate
844 3261 1003 3324 superaret.

104 3326 242 3402 Idemque
289 3350 358 3398 uros
376 3331 592 3389 Atheniensium
610 3331 740 3400 restituit,
755 3329 900 3405 praecipuo
921 3329 1002 3406 peri-
1085 3372 1086 3376 η

104 3405 172 3463 culo
183 3351 389 3485 mollitamque
403 3411 624 3481 Lacedaemonii,
640 3428 752 3468 causam
766 3408 897 3465 idoneam
911 3409 1003 3478 nacti,

105 3484 635 3699 proptcrpberbnrorfflepcursioues,
649 3488 707 3566 qud
718 3508 775 3568 neg
845 3499 1002 3566 toportere

532 3637 565 3701 ,r
640 3588 659 3666 2
