2228 3892
460 366 664 416 rruoaouu
970 361 1009 419 83

106 471 228 544 fanaque
239 464 396 526 destructa⁹
409 466 519 535 resecit3
533 462 691 522 civitatibus
703 459 778 540 leges
790 465 1008 541 libertatemque
1091 528 1092 532 ,

51 592 54 593 ⁷
106 549 243 619 reddidit3
256 568 290 604 ex
304 547 428 604 maximo
443 546 519 601 bello
531 555 642 602 tautum
657 545 746 600 otium
761 546 813 599 toti
825 545 921 601 insulae
934 564 1007 608 con÷

105 629 208 685 ciliavit
225 639 258 683 ut
274 628 321 682 hic
334 626 468 681 conditor
479 626 595 679 urbium
608 642 720 691 earum,
734 641 795 677 non
811 623 852 678 illi
863 624 913 698 qui
925 624 1006 683 initio

106 705 324 774 deduxerantw,
336 705 493 759 videretur.
506 706 610 758 Arcem
622 701 781 777 Syracusis,
793 720 878 775 quam
890 705 1005 762 munie-

105 798 150 843 rat
161 784 315 858 Dionysius
327 784 364 838 ad
376 783 477 838 urbem
497 780 696 850 obsidendam,
712 801 728 836 a
740 781 930 838 fundamentis
942 784 1003 840 dis-

104 864 184 941 jecit3
194 873 294 918 caetera
314 861 470 938 tyrannidis
486 862 709 936 propugnacula·
722 860 872 917 demolitus
884 874 939 930 est,
953 865 1005 920 de—

107 942 206 1015 ditque
220 960 338 1016 operam
351 941 482 1016 utquam
494 941 609 997 minime
627 940 718 997 multa
735 940 850 1013 vestigia
864 941 1004 999 servitutis

106 1032 263 1078 manerent.
278 1024 374 1091 Quum
389 1022 472 1077 tantis
487 1032 557 1077 esset
573 1020 677 1094 opibus
693 1031 726 1074 ut
742 1020 825 1074 etiam
841 1017 934 1072 invitis
947 1020 1002 1074 im-

62 1156 65 1163 ,
105 1119 209 1176 perure
222 1114 333 1175 posset,
349 1113 467 1172 tautum
486 1111 580 1155 autem
599 1097 719 1152 haberet
737 1115 865 1152 amorem
876 1097 1003 1154 omnium

105 1181 269 1238 Siculorum
283 1191 315 1234 ut
333 1180 415 1234 nullo
432 1187 579 1234 recusante
595 1195 719 1250 regnum
731 1176 888 1243 obtineret,
905 1177 1004 1233 maluit

104 1278 132 1315 se
150 1257 228 1332 diligi
241 1257 328 1331 quim
340 1257 436 1312 metui.
456 1258 570 1329 Itaque,
583 1274 673 1328 quum
685 1255 811 1330 primum
824 1254 930 1330 potuit,
952 1257 1001 1312 im·

103 1341 216 1412 perium
229 1336 376 1410 deposuit,
389 1347 416 1391 et
428 1337 554 1410 privatus
578 1335 736 1411 Syracusis,
760 1336 839 1408 quod
859 1335 1003 1408 reliquum

103 1417 166 1472 vitae
178 1416 244 1486 fuit,
259 1415 338 1470 vixit.
351 1417 451 1489 Neque
462 1415 532 1470 verb
545 1415 575 1469 id
586 1415 716 1489 imperiti
730 1415 795 1469 feeit
807 1434 814 1469 :
827 1433 907 1482 nam,
923 1416 1002 1487 quod

103 1495 197 1551 caeteri
208 1513 290 1569 reges
310 1494 431 1569 imperio
443 1495 491 1549 vix
504 1504 673 1566 potuerunt,
693 1493 739 1548 hic
753 1493 951 1548 benevolentia
964 1504 1003 1549 te·

102 1574 173 1630 nuit.
185 1575 289 1631 Nullus
300 1574 395 1630 honos
409 1573 477 1629 huie
490 1571 591 1641 defuit,
604 1591 698 1645 neque
707 1583 804 1648 postea
817 1591 862 1631 res
874 1572 932 1627 ulla
947 1576 1002 1650 Sy-

102 1653 206 1710 racusis
218 1665 293 1729 gesta
313 1665 353 1710 est
369 1653 482 1728 publice
495 1652 531 1707 de
544 1653 601 1726 qud
612 1652 693 1726 priirs
709 1652 742 1707 sit
755 1651 901 1708 decretum
915 1652 1002 1725 quim

103 1731 289 1789 Timoleontis
303 1733 439 1789 scatenti&
453 1732 582 1806 cognitl3
594 1732 700 1788 nullius
712 1751 840 1805 unquam
852 1732 1000 1789 consilium

101 1830 160 1870 non
169 1813 257 1868 modi)
266 1814 429 1882 antelatum,
441 1814 489 1869 sed
499 1830 535 1866 ne
549 1823 745 1885 comparatum
757 1813 872 1884 quidem
884 1822 937 1866 est:
947 1831 1001 1868 ne-

102 1908 159 1965 que
170 1891 200 1947 id
211 1891 301 1965 magis
313 1892 512 1947 benevolenti&
525 1890 631 1945 factum
641 1890 782 1963 estquam
793 1888 981 1964 prudentittt

121 2054 165 2101 tv.
183 2049 307 2102 Timoleon
314 2088 322 2117 ,
334 2029 408 2101 oculis
419 2059 515 2118 eaptus,
532 2047 642 2130 vehiculo
651 2049 739 2111 fertum
749 2054 859 2101 Fortuna
872 2050 982 2102 sacellum

485 2129 614 2171 coustituit.

141 2279 197 2334 Hrc
210 2297 300 2352 quum
313 2289 393 2334 aetate
402 2279 461 2350 jam
473 2289 625 2352 provectus
638 2289 720 2347 esset,
739 2279 798 2333 sine
819 2279 880 2333 ullo
893 2279 1003 2338 morbo>

28 2370 31 2374 ·
105 2357 208 2413 umine
225 2358 376 2413 oculorum
389 2358 487 2412 arnisit.
501 2361 594 2427 Quam
606 2357 792 2411 calamitatem
804 2357 841 2411 ita
853 2359 998 2417 moderate

106 2438 167 2492 :ulit
177 2449 207 2492 ut
220 2455 313 2509 neque
328 2457 393 2492 enm
406 2447 573 2509 querentem
587 2435 735 2507 quisquam
749 2434 884 2503 audierit,
904 2455 997 2510 neque

102 2532 136 2571 eo
149 2515 243 2571 minias
256 2514 378 2588 privatis
389 2514 567 2589 publicisque
577 2513 663 2569 rebus
679 2512 848 2569 interfuerit}
859 2515 997 2573 Veniebat

102 2604 195 2649 autem
208 2594 237 2648 in
245 2593 386 2648 theatrum
395 2612 498 2667 ,quum
506 2592 544 2647 ibi
556 2593 707 2649 concilium
720 2593 820 2668 populi
832 2594 995 2665 haberetur,

101 2683 222 2747 propter
230 2673 421 2730 valetudinem
433 2682 528 2728 vectus
539 2671 675 2745 jumentis
681 2672 786 2744 junctis
793 2712 801 2741 ,
814 2684 898 2748 atque
910 2675 948 2731 ita
960 2677 996 2732 de

101 2751 241 2820 vehicula,
255 2772 318 2826 quae
336 2750 541 2821 videbanturw,
556 2752 674 2807 dicebat.
685 2753 785 2825 Neque
799 2752 854 2809 hoc
867 2754 908 2809 illi
920 2755 992 2827 quis-

100 2848 184 2903 quam
197 2832 342 2888 tribuebat
353 2831 493 2906 superbiae
506 2850 513 2887 :
525 2831 598 2887 nihil
612 2831 688 2889 enim
696 2851 824 2906 unquam
837 2852 930 2905 neque
944 2833 989 2889 in·

99 2912 193 2968 solens
207 2930 302 2985 neque
322 2912 480 2985 gloriosum
499 2929 533 2966 ex
553 2931 603 2968 ore
625 2911 685 2985 ejus
704 2913 780 2969 exiit.
796 2912 852 2982 Qui
864 2911 993 2984 quidem,

99 3009 190 3062 quum
202 3009 266 3046 suas
274 2992 371 3046 laudes
380 2990 491 3046 audiret
501 2992 662 3065 praedicari,
674 3011 823 3065 nunquam
835 2991 912 3048 aliud
923 2991 994 3049 dixit

99 3069 200 3142 quim,
213 3093 225 3120 e
238 3088 266 3125 se
277 3069 306 3125 in
319 3071 350 3127 ed
366 3089 398 3126 re
409 3070 546 3128 maximas
556 3071 616 3129 Diis
630 3070 733 3146 gratias
749 3080 928 3146 agerentque
942 3072 992 3127 ba-

98 3147 179 3217 bere,
193 3149 288 3222 qubd,
302 3168 391 3224 quum
412 3151 535 3209 Siciliam
551 3170 681 3208 recreare
698 3151 919 3220 constituissent,
932 3162 994 3209 tum

98 3245 126 3283 sc
138 3228 314 3302 potissimirm
329 3230 431 3286 ducem
443 3249 500 3288 esse
513 3230 676 3287 voluissent.
689 3255 701 3279 a
715 3232 794 3286 Nihil
806 3232 881 3286 enim
894 3249 992 3287 rerum

98 3305 287 3365 humanarum
293 3310 352 3366 sine
361 3312 492 3366 Deorum
497 3310 613 3367 numine
622 3310 683 3384 geri
691 3311 821 3385 putabat:
831 3311 925 3379 itaque
936 3330 992 3372 suut

98 3384 168 3438 domi
196 3385 327 3521 speclpllum
351 3387 530 3462 ditopetlee¹³
550 3392 751 3450 constituerat,
768 3387 847 3458 idque
873 3388 988 3445 sanctis.

97 3461 164 3518 sime
177 3477 210 3519 co
256 3470 293 3521 at.
