2228 3892
463 299 653 351 mittun.
980 305 1013 357 cs

105 395 210 455 clarata
223 395 296 469 suis,
308 394 424 469 eodem,
436 395 514 451 unde
526 394 656 466 ierat,1se
671 394 787 471 recepit.
799 398 840 453 at
850 395 1013 471 Eumenes,

104 477 198 533 soluti
209 475 337 551 epistoll,
344 474 417 530 nihil
425 474 456 530 in
464 479 497 532 eu
509 474 683 549 reperitnisi
690 475 771 548 quod
782 476 819 534 ad
830 475 1012 536 irridendum

106 553 197 612 enm¹⁸
212 554 377 630 pertineret.
391 554 480 626 Cujus
490 553 542 610 etsi
553 573 666 610 caumm
676 554 846 624 mirabatur,
856 574 951 630 neque
962 576 1011 615 re·

105 635 250 712 periebat,
261 646 358 690 tamen
369 634 500 708 prelium
515 634 610 689 statim
629 633 808 691 committere
821 655 882 691 non
895 636 1009 695 dubita·

104 715 151 770 rit.
162 715 279 770 Horum
297 714 328 768 in
347 731 507 782 concursu,
528 712 663 786 Bithyni,
682 712 832 770 Annibalis
847 727 994 791 praecepto

97 793 231 849 universi
245 811 348 848 rravem
357 792 493 848 Eumenis
505 791 689 848 adoriuntur.
705 795 840 864 Quorum
850 794 909 850 vim
917 813 1009 868 quum
1074 799 1076 802 ⁴

103 889 156 928 rex
168 875 306 928 sustinere
320 890 381 926 non
395 882 508 946 posset,
520 870 587 945 fugai
600 871 720 928 salutem
731 873 827 948 petiit3
837 893 923 948 quam
935 893 1009 930 con·

104 961 217 1009 secutus
237 970 297 1007 non
316 961 387 1007 esset
404 951 459 1008 nisi
481 951 556 1007 intra
573 969 624 1008 sua
641 952 772 1026 praesidia
791 971 820 1008 se
840 953 1008 1027 recepisset,

106 1049 168 1104 quae
180 1033 209 1086 in
221 1030 357 1104 proximo
371 1031 468 1091 littore
491 1041 573 1087 erant
588 1031 736 1087 collocata.
760 1033 890 1104 Reliquae
901 1034 1009 1106 Perga-

104 1128 193 1167 menae
205 1129 291 1167 naves
303 1128 394 1184 quum
406 1110 586 1166 adversarios
598 1120 763 1184 premerent
775 1110 881 1179 acrius,
891 1109 1009 1184 repente

103 1189 133 1244 in
146 1208 192 1246 eas
203 1207 269 1244 uasa
280 1187 378 1245 fictilia
389 1227 397 1256 ,
410 1187 563 1260 dequibus
582 1187 671 1261 sopri
682 1187 857 1243 mentionem
867 1187 986 1246 fecimus
997 1231 1006 1261 ,

90 1264 341 1342 conjicicoepta¹⁹
356 1277 433 1323 suut.
446 1269 517 1336 Quae
526 1266 601 1339 jacta
614 1266 696 1322 initio
715 1266 803 1323 risum
815 1268 1008 1342 pugnantibus

102 1346 299 1414 concitarunt,
312 1364 382 1414 nec,
397 1364 488 1418 quare
501 1345 533 1402 id
544 1344 640 1418 fieret,
654 1357 767 1420 poterat
780 1346 908 1422 intelligi.
920 1350 1006 1404 Post·

65 1436 66 1439 ’
103 1443 188 1499 quam
200 1436 295 1480 autern
307 1441 393 1480 naves
409 1425 565 1499 completas
584 1437 795 1499 conspexerunt
811 1425 1006 1500 serpentibus,

101 1504 221 1560 novare
235 1504 393 1579 perterriti,
407 1523 513 1578 quum,
529 1504 599 1576 quid
611 1505 788 1579 potissimum
800 1505 937 1574 vitarent,
945 1523 1007 1563 nou

101 1584 245 1654 siderent,
257 1602 370 1659 puppes
382 1594 564 1650 averterunt,
577 1601 664 1656 seque
675 1584 712 1637 ad
726 1603 776 1640 sua
787 1594 879 1640 castra
891 1585 1006 1642 nautica

103 1664 273 1719 retulerunt.
298 1663 343 1719 Sic
365 1662 490 1718 Annibal
516 1663 635 1718 consilio
659 1681 736 1717 arma
761 1666 1006 1737 Pergamenorum

103 1741 260 1817 superavit:
275 1761 369 1816 neque
381 1753 443 1798 tum
455 1741 563 1809 solinu,
576 1742 625 1797 sed
637 1760 709 1816 ssepe
721 1742 790 1798 allis
801 1742 1006 1818 pedestribus²⁰

102 1821 189 1896 copiis
198 1822 261 1897 pari
273 1822 426 1897 prudentia
435 1821 546 1896 pepulit
556 1821 742 1878 adversarios.

103 1955 161 2004 111.
175 1952 280 2006 Annibal
297 1960 410 2019 repetitus
420 1968 435 2003 a
444 1952 572 2013 Romanis,
586 1961 610 2003 et
630 1952 808 2020 circumsessus,
826 1968 918 2005 veneno
930 1951 1002 2005 vitam

517 2021 571 2073 finit

141 2143 210 2210 Qun
233 2140 303 2196 dnm
328 2139 357 2195 in
380 2140 447 2196 Asia
468 2150 623 2215 geruntur,
648 2140 748 2196 accidit
771 2160 838 2197 casu
863 2151 896 2198 ut
916 2141 1001 2217 legati

102 2221 206 2277 Prusiae
221 2223 321 2276 Romae
333 2221 410 2294 apud
424 2223 456 2274 L.
472 2220 622 2288 Quintium
635 2220 806 2276 Flaminium
822 2221 1002 2277 consularem

100 2310 264 2368 coenarent,
276 2310 361 2371 atque
377 2299 418 2352 ihi
434 2299 469 2353 de
487 2299 628 2354 Annibale
645 2300 790 2354 mentione
810 2298 899 2367 facta,
911 2317 947 2354 ex
958 2299 1002 2354 his

101 2398 176 2434 unus
198 2379 306 2434 diceret
325 2396 391 2432 eum
408 2376 437 2432 in
456 2378 562 2434 Prusiae
579 2397 670 2452 regno
690 2395 756 2432 csse.
770 2379 805 2431 Id
824 2386 941 2449 postero
956 2377 1000 2434 die

100 2458 253 2518 Flaminius
265 2457 374 2513 senatui
387 2457 496 2512 detulit.
509 2460 605 2510 Patres
616 2455 786 2528 conscripti,
800 2455 850 2528 qui
862 2455 1002 2512 Annibale

102 2537 166 2592 vivo
181 2555 330 2608 nunquam
342 2535 442 2590 sesine
458 2534 563 2590 insidiis
575 2535 689 2590 futuros
701 2535 914 2604 existimabant,
927 2535 1002 2611 lega-

102 2625 145 2670 tos
157 2614 186 2668 in
200 2615 360 2689 bithyniam
373 2614 525 2683 miserunt,
546 2614 575 2668 in
591 2613 635 2669 his
647 2613 832 2683 Flaminium,
845 2613 895 2687 qui
905 2635 923 2670 a
935 2633 1001 2690 rege

101 2703 231 2768 peterent
242 2712 279 2748 ne
291 2692 510 2749 inimicissimum
529 2711 613 2748 suum
632 2713 726 2748 secum
747 2693 879 2761 haberet,
892 2694 1001 2769 sibique

102 2772 227 2830 dederet.
241 2773 291 2828 His
302 2773 414 2828 Prusias
429 2791 534 2845 negare
546 2791 630 2827 ausus
645 2792 704 2827 non
719 2783 760 2828 est
771 2794 779 2828 τ
792 2773 864 2828 illud
883 2793 999 2829 recusa·

103 2852 154 2922 vit,
165 2850 204 2908 'ne
216 2853 273 2907 id'a
289 2871 317 2906 se
330 2851 393 2905 fieri
403 2852 581 2924 postularent
593 2852 673 2924 quod
683 2852 817 2908 adversus
827 2853 873 2924 jus
885 2852 1001 2926 hospitii

101 2943 170 2988 esset
183 2951 189 2987 :
200 2931 266 3004 ipsi,
279 2931 301 2985 si
313 2941 443 3004 possent,
457 2930 748 3004 comprehenderent;
761 2932 874 2996 locum,
891 2931 941 2985 ubi
953 2949 999 2987 es·

101 3022 155 3079 set,
167 3009 247 3064 facile
261 3007 462 3064 inventuros²¹.
475 3010 599 3065 Annibal
607 3011 681 3066 enim
694 3029 752 3066 uno
761 3011 826 3065 loco
836 3029 865 3065 se
879 3010 999 3078 tenebat,

102 3088 131 3145 in
143 3088 257 3143 castello
276 3089 356 3161 quod
368 3089 393 3143 ei
409 3089 445 3143 ab
457 3108 524 3165 rege
536 3093 634 3145 datum
646 3101 706 3145 erat
717 3089 843 3156 muneri;
865 3088 950 3161 itique
963 3089 1000 3144 sic

106 3171 295 3231 aediliceiratut
302 3168 331 3225 in
340 3168 473 3226 omnibus
481 3169 609 3246 partibus
617 3167 728 3224 aedilicii
737 3168 846 3224 exitum
856 3167 909 3223 sini
918 3165 1003 3224 habe-

107 3263 163 3320 ret,
174 3268 392 3327 semperverens
400 3268 495 3306 neusu
502 3246 630 3323 eveniret
637 3248 714 3322 quod
722 3246 837 3304 accidit.
848 3251 907 3301 Hac
915 3265 1003 3321 quum

106 3329 195 3410 legati
203 3334 401 3387 Romanorum
408 3328 562 3399 venissent,
572 3345 604 3383 ac
617 3326 798 3384 multitudine
811 3325 927 3382 domum
941 3322 1002 3403 ejus

107 3409 377 3480 circumdedissent,
400 3427 485 3487 puer,
510 3405 546 3463 ab
561 3404 652 3484 janua
670 3403 861 3483 prospiciens,
886 3403 1002 3464 Anibali
