2228 3892
450 87 490 211 ‘s

467 346 693 393 Pausanias.
980 360 1014 417 η

130 455 214 494 nemo
234 455 335 492 corum
357 438 473 493 redisset
494 439 544 510 qui
565 457 651 512 super
668 439 718 493 tali
736 441 819 494 causa
834 441 936 495 eodem
949 461 1022 499 mrsu

129 527 222 583 crant,
236 515 349 571 vincula
362 517 486 590 epistolae
498 517 614 584 laxavit,
625 518 764 591 signoque
775 519 902 575 detracto
912 539 1022 594 cogno-

129 595 168 650 vit
173 634 182 663 ‚
193 597 216 651 si
230 596 408 669 pertulisset,
422 596 475 651 sibi
487 615 544 651 esse
560 597 749 670 peretmdum.
767 598 858 651 Erant
877 598 908 652 in
923 600 1023 655 eadem

128 673 245 748 epistolia
257 693 319 747 quae
333 675 370 729 ad
381 694 414 729 ea
421 675 601 748 pertinebant
619 694 682 748 quae
705 676 780 730 inter
798 695 893 750 regem
915 680 1023 735 Pausa-

128 752 261 826 uiamque
271 765 472 808 convenerant.
491 756 547 808 llas
566 755 613 809 ille
634 755 740 810 litteras
760 756 876 829 ephoris
896 757 1021 814 tradidit.

128 830 938 907 Nonestpraetereundagravitas¹²Lacedaemoniorumhoc
946 837 1021 894 loco.

129 910 200 966 Nam
211 930 248 965 ne
261 911 347 982 liujus
357 912 472 984 quidem
492 913 598 967 indicio
610 912 725 986 impulsi
736 925 802 968 sunt
812 927 841 968 ut
854 915 1021 970 Pausaniam

130 989 418 1063 comprehenderent3
432 1011 525 1064 neque
537 993 616 1066 priris
627 993 684 1046 vim
698 993 889 1047 adhibendam
902 1004 1021 1066 putave-

197 1056 399 1163 &seipse
411 1070 565 1126 indicasset
577 1073 676 1143 mque
687 1071 754 1125 huic
766 1072 867 1137 indict,
878 1071 947 1142 quta
957 1070 1022 1127 fieri

144 1146 181 1201 ell
219 1159 247 1212 t,
259 1167 444 1222 praeceperuu
502 1170 588 1204 auum
600 1149 726 1221 Neptuni
742 1160 783 1204 est
798 1149 925 1216 Taenari,
941 1152 1021 1222 quod

124 1225 226 1280 violari
237 1226 314 1280 nefas
325 1238 426 1300 putant
467 1228 540 1281 raeci.
555 1229 597 1281 Εὸ
612 1227 658 1280 ille
670 1226 754 1281 index
768 1227 912 1300 confugi13
926 1228 958 1282 in
970 1231 1019 1284 arai

124 1302 286 1358 conseditss.
297 1306 377 1358 Hanc
388 1305 485 1376 juxta,
503 1306 600 1360 locum
611 1305 802 1361 feceruntsub
811 1311 900 1373 terra,
913 1327 949 1362 ex
960 1326 1019 1380 quo

123 1393 218 1455 posset
227 1383 320 1437 audiri
338 1383 361 1438 si
372 1383 435 1455 quis
447 1385 516 1456 quid
528 1385 697 1457 loqueretur
711 1405 776 1440 cum
783 1386 908 1459 Argili03
919 1387 976 1440 huc
984 1405 1019 1441 ex

123 1459 1019 1538 ephorisquidamdescenderuncPausaniasutaudivitArgilium

123 1539 279 1614 coulirgisse
289 1543 317 1596 iu
329 1561 417 1609 aram,
424 1542 607 1614 perturbatus
618 1544 653 1596 ei>
664 1543 755 1609 venit3
764 1562 849 1615 quem
856 1562 946 1615 quum
953 1561 1020 1617 sup-

122 1619 224 1690 plicent
234 1620 280 1674 dei
289 1621 399 1675 videret
411 1621 439 1674 in
451 1622 500 1676 ara
514 1620 693 1690 sedentemss,
704 1623 805 1694 quaerit
812 1621 978 1694 causaeqttid
984 1621 1021 1676 sit

122 1706 180 1752 tam
189 1701 338 1773 repentino
357 1701 483 1755 consilio.
500 1702 573 1755 Huic
588 1702 647 1770 ille,
661 1702 731 1774 quid
744 1721 777 1756 ex
791 1701 890 1757 litteris
900 1719 1019 1775 compe-

121 1776 146 1830 r'
206 1786 219 1846 ,'
229 1780 328 1852 aperit.
342 1781 435 1834 Tanto
454 1780 540 1854 magis
555 1781 705 1836 Pausanias
722 1781 918 1854 perturbatus,
934 1798 1018 1836 orare

122 1789 253 1988 εἶξα
264 1859 441 1925 enuntiaret,
453 1879 505 1914 nec
517 1878 559 1925 se,
567 1861 700 1921 meritum
708 1860 743 1913 de
756 1861 805 1914 illo
815 1860 933 1933 optime,
944 1877 1017 1932 pro·

121 1933 173 1987 der
203 1974 210 1989 .
226 1937 346 2002 Quodsi
358 1956 419 1991 earn
427 1938 538 1990 renim
546 1936 760 2001 sibidedioeetss,
772 1940 910 2008 tanfisque
921 1936 1017 2009 impli-

122 2011 209 2066 citum
222 2013 308 2068 rebus
321 2014 507 2082 sublevasset,
520 2033 625 2088 magno
639 2014 790 2093 eipraemio
802 2013 942 2069 futurum.

145 2176 176 2222 v.
194 2172 321 2235 ramata
330 2136 499 2225 incanam
507 2140 623 2224 unave
640 2140 988 2234 tumtun-amm

159 2317 213 2372 Has
230 2318 317 2372 rebus
339 2318 445 2392 ,ephori
459 2319 592 2392 coguitis,
608 2319 693 2374 satius
710 2327 883 2391 putaverunt
903 2316 933 2370 in
944 2313 1019 2371 urbe

120 2413 186 2452 eum
198 2397 412 2470 comprehendi.
424 2398 490 2466 Quo
503 2417 593 2468 quum
606 2405 697 2451 essent
707 2395 842 2466 profecti,
865 2404 894 2446 et
911 2396 1017 2447 Pausa-

121 2473 197 2543 nias,
209 2477 320 2548 placato
335 2475 464 2547 Argilio,
477 2485 511 2527 ut
525 2473 657 2545 putabat,
671 2472 854 2526 Lacedaemon
914 2488 1016 2526 rerer·

120 2540 282 2620 teretur3¹in
293 2548 392 2626 itjere
406 2571 494 2623 quum
502 2545 562 2622 janl
571 2552 600 2607 in
610 2570 646 2606 eo
657 2562 727 2606 esset
737 2562 769 2606 ut
782 2489 1016 2624 complillende-

18 2634 22 2641 '
89 2666 109 2705 3
120 2641 214 2696 retur,
238 2649 254 2685 e
276 2631 357 2684 vultu
376 2631 523 2702 cujusdam
545 2630 665 2704 ephori,
684 2630 736 2703 qui
766 2649 832 2685 eum
859 2630 1015 2686 admonere

118 2709 264 2783 cupiebat,
277 2708 389 2764 insidias
407 2709 461 2765 sibi
470 2708 533 2765 fieri
545 2710 689 2765 intellexit
702 2711 814 2781 Itaque,
833 2709 930 2783 paucis
946 2709 1013 2764 ante

118 2788 255 2862 gradibus
266 2788 353 2860 quam
365 2789 415 2861 qui
428 2789 620 2862 sequebantur
631 2788 677 2854 ‚in
687 2789 775 2843 aedem
787 2788 925 2843 Minervae
933 2827 941 2855 ‚
949 2805 1014 2861 quoe

19 2876 26 2886 “
121 2865 325 2922 Chalcioecus¹⁵
337 2867 612 2941 vocatur,consugit
622 2868 694 2922 Hinc
706 2887 742 2923 ne
750 2868 827 2922 exire
839 2878 942 2941 posset,
952 2877 1012 2922 sta·

71 2950 81 2975 ‘
132 2945 169 2999 im
181 2945 284 3019 ephori
293 2947 388 3000 valvas
398 2946 458 3016 ejus
468 2947 533 3007 aedis
543 2947 761 3016 obstruxerunt,
773 2958 935 3018 tectumque
947 2953 1013 3002 sunt

118 3022 263 3090 demoliti,
277 3026 335 3095 quo
349 3024 458 3081 facilius
468 3026 522 3080 suh
532 3027 600 3081 diro
614 3026 750 3081 interiret.
762 3026 873 3080 Dicitur
885 3045 920 3080 eo
935 3036 1010 3079 tem-

119 3119 191 3175 pore
205 3115 326 3158 matrem
339 3104 481 3159 Pausaniae
488 3105 604 3171 vixisse,
617 3123 744 3178 eamque,
753 3105 813 3176 jam
825 3112 1011 3178 magnonatu,

121 3192 268 3253 postquam
280 3183 315 3238 de
326 3185 432 3238 scelere
447 3182 499 3238 filii
516 3184 670 3258 comperit,
688 3185 718 3238 in
732 3184 845 3258 prunis,
863 3182 900 3236 ad
920 3179 1011 3234 filium

118 3253 453 3336 claudendum,lnpfflem
460 3263 496 3317 ad
508 3263 729 3319 introitumaedis
739 3263 818 3317 attul'
877 3258 922 3314 sic
932 3262 1011 3314 Pau-

118 3337 208 3392 sanias
218 3357 348 3412 magnam
363 3341 432 3396 belli
446 3342 569 3416 gloriam
579 3343 658 3418 turpi
675 3352 769 3395 morte
786 3358 847 3394 mac
879 3337 944 3394 avit.
958 3338 1011 3393 llic

119 3434 210 3490 quum
220 3418 387 3475 semianimis
402 3421 439 3476 de
457 3422 565 3496 templo
577 3422 666 3476 elattrs
678 3429 760 3487 esset,
774 3418 922 3474 confestim
945 3415 1005 3472 ani·
