2228 3892
320 312 322 316 ”
364 357 366 361 .
461 335 644 384 ruoorou.
972 338 1006 387 'ao

107 477 426 500 mmmmm
431 480 1007 506 mmmmm

424 576 679 651 PHOCION.

243 743 264 786 1.
282 737 387 788 Phocion
401 739 477 787 boum
489 747 513 787 et
524 755 627 805 pauper,
637 739 745 807 repudiat
757 755 862 791 munere,

141 877 291 944 Proclort,
311 874 499 932 Atheniensis.
518 876 577 933 Etsi
598 896 671 952 saepe
692 878 861 935 exercitibus
875 878 1001 953 praefuit,

106 968 288 1028 summosque
306 955 484 1029 magistratus
500 955 604 1030 cepitl,
619 968 712 1014 tumen
725 959 817 1013 multh
832 964 893 1029 ejus
906 958 1005 1013 notior

107 1028 251 1108 integritas
262 1045 302 1091 est
314 1035 378 1091 vitae
393 1034 481 1109 quim
502 1036 544 1091 rei
563 1037 691 1093 militaris
702 1037 793 1092 labor.
809 1038 908 1110 Itaque
918 1035 1004 1106 hujus

106 1113 245 1169 memoria
266 1125 306 1170 est
327 1116 421 1182 nulla,
436 1114 511 1170 illius
530 1127 623 1170 autem
644 1134 747 1189 magna
767 1115 841 1169 sumn
854 1135 862 1170 a
877 1133 981 1187 exque
996 1154 1004 1185 ,

105 1192 276 1267 cognomine
288 1195 387 1248 Bonus
401 1205 440 1249 est
447 1194 611 1268 appellatus.
620 1195 685 1248 Fuit
695 1193 771 1248 enim
782 1200 924 1268 perpetuo
934 1213 1003 1268 pau-

105 1286 171 1344 per,
180 1290 271 1344 quum
278 1271 457 1327 divitissimus
466 1290 523 1328 esse
534 1283 639 1346 posset,
649 1286 770 1347 propter
782 1273 943 1345 frequentes
955 1274 1003 1329 de-

105 1349 177 1404 latos
188 1351 317 1405 honores
333 1363 540 1425 potestatesque
552 1371 673 1408 summas
686 1371 749 1425 quae
763 1352 788 1408 ei
798 1373 813 1407 a
823 1356 934 1428 populo
947 1353 1002 1408 dun

106 1427 220 1485 buntur.
239 1429 291 1484 Hic
305 1448 394 1503 quum
407 1450 423 1487 a
437 1450 503 1506 rege
515 1431 648 1506 Philippo
662 1450 781 1487 munera
796 1451 904 1506 magnae
919 1451 1000 1506 pecu-

105 1507 159 1563 niae
170 1509 346 1583 repudiaret,
356 1510 498 1585 legatique
506 1510 695 1566 hortarentur
702 1511 853 1585 acciperet,
863 1512 1003 1584 simulque

80 1621 81 1624 =
105 1587 308 1662 admonerent,
323 1589 346 1644 si
357 1590 416 1664 ipse
430 1589 476 1645 his
487 1589 567 1647 facile
581 1600 706 1659 careret,
727 1590 825 1646 liberis
842 1602 935 1644 tamen
947 1593 1003 1647 suis

105 1667 296 1742 prospiceret,
320 1669 424 1742 quibus
445 1668 561 1725 difficile
572 1672 653 1726 'esset
664 1670 693 1725 in
714 1671 823 1725 summi
837 1679 1004 1744 paupertate

105 1754 210 1802 tantum
222 1758 371 1822 paternam
384 1748 458 1804 tueri
471 1749 606 1823 gloriam,
626 1749 669 1804 his
690 1749 737 1804 ille
750 1769 778 1804 :n
791 1751 820 1805 Si
831 1753 888 1805 mel
901 1749 1003 1806 similes

105 1835 202 1896 erunt,
214 1826 291 1883 idem
302 1827 365 1896 hic,
378 1828 485 1902 inquit,
499 1829 605 1903 agellus
617 1829 681 1883 illos
694 1829 749 1883 alet
761 1829 810 1901 qui
823 1847 869 1884 me
883 1830 919 1884 ad
929 1830 1005 1884 lanne
1044 1876 1046 1881 ,

105 1903 270 1978 dignitatem
282 1904 430 1978 perduxit3
444 1906 487 1961 sin
503 1907 648 1963 dissimiles
661 1917 726 1962 sunt
738 1906 841 1966 futuri.
856 1913 925 1962 nolo
937 1909 1006 1963 meis

105 1980 237 2057 impensis
250 1983 369 2037 illorum
382 1982 420 2037 ali
432 1982 588 2056 augerique
599 1981 775 2036 luxuriam.»

87 2111 90 2115 '
124 2114 157 2160 11.
178 2108 285 2161 Phocion
301 2126 372 2160 senex
391 2109 417 2159 iu
427 2108 539 2159 invidiam
554 2107 657 2159 incurrit
667 2107 699 2158 ob
710 2106 847 2158 trudendum
860 2105 987 2176 Antipatro

225 2180 316 2232 urbem.
328 2181 443 2231 Exsilium
452 2180 629 2242 Demosthenis,
640 2179 759 2248 proditum
770 2180 879 2230 Pirosom.

146 2322 221 2376 loru
227 2338 317 2392 quum
323 2318 414 2392 prope
424 2317 461 2371 ad
469 2335 577 2373 aunum
585 2316 788 2391 octogesimum
794 2316 932 2389 prosperi
940 2334 1004 2389 per·

108 2400 226 2456 venisset
237 2398 365 2468 fortuni,
379 2397 511 2453 extremis
527 2395 704 2468 temporibus
717 2411 850 2468 maguum
864 2393 892 2447 in
906 2393 1005 2450 odium

108 2478 237 2554 pervenit
250 2497 368 2533 suorum
385 2476 497 2532 civium.
512 2475 609 2530 Primo
628 2473 785 2546 quodcum
800 2472 954 2540 Demade2,
968 2473 1004 2530 de

108 2557 179 2613 urbe
193 2557 331 2612 tradendi
352 2556 517 2628 Antipatro,
535 2562 730 2623 consenserat3
749 2552 865 2625 ejusque
885 2552 1003 2609 consilio

109 2636 327 2705 Demosthenes,
340 2653 406 2690 cum
418 2634 523 2690 caeteris
541 2632 590 2707 qui
605 2633 679 2689 hene
690 2632 726 2689 de
740 2632 891 2706 republicd
899 2632 1003 2688 mereri

109 2714 544 2788 existimabuntur,populiscit0³
553 2714 582 2767 iu
590 2713 718 2770 exsilium
727 2722 808 2768 eraut
816 2712 934 2785 expulsi.
943 2713 1001 2769 Ne·

109 2796 201 2870 quein
213 2795 349 2851 eosolirm
358 2793 518 2849 offenderat
527 2787 607 2866 quod
618 2792 797 2866 patriae-male
806 2793 989 2848 consuluerat

120 2877 157 2933 ed
169 2876 254 2935 etiam
265 2876 344 2949 quod
357 2873 484 2929 amicitiae
495 2871 582 2928 iidem
593 2891 653 2929 uon
665 2870 842 2947 praestiterat⁴
850 2892 856 2926 :
865 2888 988 2944 namque
1033 2907 1037 2911 ·

124 2967 205 3012 uetus
217 2956 387 3027 adjutusque
399 2952 626 3023 aDemosthene,
639 2970 713 3023 eum,
722 2971 807 3025 quem
819 2951 940 3017 tenebat,
953 2949 1003 3005 ad-

120 3036 254 3091 oenderat
266 3035 401 3107 gradum,
411 3033 500 3105 quuin
508 3030 815 3089 adversusChuretem⁵
825 3046 888 3085 eum
897 3030 1002 3085 subor-

128 3126 202 3180 aret3
215 3114 249 3167 nb
265 3113 365 3168 eodem
378 3113 406 3167 in
417 3113 543 3185 judiciis,
552 3131 642 3186 quum
654 3111 751 3186 capitis
762 3127 872 3166 causum
886 3109 1002 3176 diceret,

76 3209 78 3213 ’
128 3194 240 3250 esensus
263 3192 423 3266 aliquoties,
445 3193 580 3248 liberatus
596 3192 766 3247 discesserat.
781 3191 865 3246 Hunc
878 3208 938 3244 non
951 3205 1001 3242 so-

118 3275 168 3330 um
181 3273 210 3328 in
222 3273 355 3348 periculis
371 3293 431 3328 non
447 3273 590 3342 defendit,
606 3272 655 3327 sed
671 3272 754 3327 etiam
771 3268 909 3346 prodidit.
923 3268 1003 3322 Con·

122 3355 172 3411 idit
184 3364 279 3411 autem
290 3354 410 3410 maxime
421 3373 480 3410 uuo
493 3352 628 3408 criminer
642 3352 733 3426 quod,
749 3367 838 3422 quum
848 3347 925 3422 apud
937 3366 1002 3404 eum

120 3454 249 3491 uminum
262 3444 332 3490 esset
351 3434 500 3502 imperium
513 3431 631 3510 populi,
646 3443 675 3488 et
685 3432 872 3500 Nicanorem,
883 3428 1002 3493 Cauen-
