2228 3892
136 279 167 326 33
392 260 578 313 coausnn
597 235 762 312 ueneris

105 419 109 429 ,
128 379 196 416 eum
206 356 353 433 epristiuo
363 355 440 412 vieto
453 351 656 431 deducerent),
666 365 700 410 ut
710 373 769 411 sese
784 357 932 430 superiore
945 368 1033 432 parte

129 437 231 495 edium
242 434 391 508 dejecerit,
404 445 489 508 etque
501 433 541 490 ita
551 432 697 490 interierit
710 434 767 490 Sed
778 434 845 490 illue
859 447 997 492 revertor.

174 597 204 642 V.
220 593 301 653 Dion,
309 569 428 658 Syracusis
439 591 541 659 potitus,
559 599 684 656 tyranuum
697 591 729 641 ad
738 589 873 657 pactionem
885 593 969 658 seligit,

165 731 320 796 Posrouru
332 729 504 786 Corinthum
519 728 658 804 pervenit
666 729 757 798 Dion,
771 739 799 784 et
810 727 910 784 ebdom
922 731 1019 804 perfu-

126 807 168 882 gir
179 809 356 877 Heraclides,
369 808 405 863 ab
418 809 518 864 eodem
533 808 665 882 expulsus
676 807 830 883 Dionysio,
841 807 891 881 qui
905 810 1020 882 praefec-

91 913 93 918 ·
124 898 171 942 tus
182 886 277 943 fuerat
287 887 430 961 equitum,
441 887 520 943 omni
532 886 642 942 ratione
656 886 762 941 bellum
780 905 947 960 comparare
960 906 1021 944 ιιι-
1069 937 1073 946 .

123 977 246 1038 perunt3
263 967 312 1022 sed
331 985 390 1020 non
406 966 527 1020 multum
544 963 749 1039 proficiebant,
762 965 841 1037 qubd
859 966 1019 1022 multorum

124 1062 267 1101 annorum
277 1044 403 1120 tyrannis
411 1063 579 1118 magnarum
588 1063 677 1117 opum
684 1041 872 1116 putabaturu.
880 1045 972 1112 Quam
983 1044 1016 1100 ol

123 1139 235 1178 earrsam
249 1143 332 1199 pauci
324 1123 385 1178 ad
403 1124 563 1179 societatem
574 1122 694 1197 periculi
709 1121 945 1196 perducebantur
957 1121 1014 1178 Sed

124 1201 218 1270 Dion,
233 1202 322 1259 fretus
342 1221 402 1257 non
423 1213 479 1257 tam
502 1202 558 1258 suis
581 1201 670 1293 copiis
691 1196 779 1275 qd'am
800 1201 867 1257 odio
890 1201 1018 1293 tyranni,

123 1279 248 1334 maximo
266 1281 377 1347 enimc,
390 1281 500 1335 duabus
513 1281 650 1336 onerariis
670 1281 804 1347 navibus,
818 1279 1021 1353 quinquaginta

124 1373 267 1411 annorum
279 1358 446 1430 imperium,
458 1360 599 1412 munitum
612 1359 773 1432 quingentis
784 1359 876 1433 longis
887 1357 1004 1413 navritus
1011 1397 1020 1426 ,

125 1433 503 1509 decemequitum,centu1u
518 1435 646 1508 peditum
659 1436 797 1503 millibus,
809 1436 955 1510 profectus
966 1455 1019 1510 op-

124 1524 299 1588 pugnatum,
312 1514 393 1587 quod
403 1515 535 1570 omnibus
545 1514 678 1587 gentibus·
690 1513 856 1569 adrnirabile
866 1526 906 1569 est
917 1515 1020 1584 visum,

126 1591 198 1648 adab
211 1592 292 1649 facita
307 1594 429 1666 perculit
441 1604 486 1661 ut,
498 1603 563 1665 post
580 1593 655 1648 diem
672 1593 787 1647 tertium
800 1593 887 1665 quam
898 1592 1020 1650 Siciliam

125 1670 267 1742 attigerat,
281 1673 430 1760 Syracusas
442 1669 597 1724 introierit:
608 1689 642 1724 ex
654 1689 712 1742 quo
721 1670 839 1743 intelligi
848 1682 940 1744 potest
952 1672 1020 1726 nul-

123 1743 185 1799 lum
201 1765 258 1802 esse
280 1747 431 1821 imperium
451 1757 559 1815 tutum,
580 1747 633 1802 nisi
653 1748 849 1802 benevolentia
870 1750 1019 1804 munitum

124 1823 168 1879 Eo
177 1835 304 1898 ternpore
315 1825 411 1880 aberat
422 1825 583 1900 Dionysius,
591 1825 654 1880 etin
668 1826 748 1880 Italia
759 1827 873 1882 classem
887 1828 1020 1918 opperie-

124 1902 223 1973 batur,
238 1905 468 1960 adversariorum
484 1916 562 1960 ratus
575 1904 717 1959 nerninem
734 1904 794 1961 sini
811 1906 919 1979 magnis
932 1907 1020 1996 copiis

125 1983 199 2039 adse
211 1995 372 2040 venturum„
386 1989 457 2056 Qua
469 2002 514 2040 res
525 2002 590 2040 eum
603 1983 717 2040 fefellit:
729 2003 795 2038 nam
809 1985 914 2040 Dion”
897 2004 930 2040 us
941 1984 1019 2058 ipsis,

123 2050 176 2132 lpri
190 2063 244 2115 sub
256 2063 410 2116 adversarii
430 2062 543 2116 fueraut
557 2073 713 2134 potestate,
728 2063 825 2136 regios
840 2063 956 2137 spiritus
970 2081 1020 2118 re-

123 2137 238 2210 pressit,
251 2139 393 2210 totiusque
407 2138 468 2210 ejus
485 2139 572 2212 partis
589 2139 689 2193 Siciliae
706 2141 812 2212 potitus
830 2152 870 2196 est
886 2159 950 2212 quae
966 2141 1020 2196 sub

125 2215 254 2290 Dionysii
271 2227 411 2290 potestate
422 2217 526 2272 suerat·
520 2217 660 2289 ‚parique
671 2217 759 2272 modo
770 2217 852 2273 urbis
861 2219 1016 2292 Syracusa·
1090 2253 1094 2258 -

124 2312 205 2364 rum,
219 2307 324 2371 preter
334 2315 430 2352 arcem
439 2307 468 2351 et
479 2294 598 2352 insulam
610 2295 771 2367 adjunctam
787 2296 954 2371 oppido,
927 2315 1019 2370 eoque

124 2391 187 2431 rem
198 2375 334 2450 perduxit
349 2386 381 2431 ut
397 2375 498 2432 talibus
515 2375 694 2450 pactionibus
711 2394 809 2449 pacem
826 2375 1017 2450 tyrannusia·

124 2472 188 2511 cere
202 2455 302 2512 vellet:
316 2455 444 2511 Siciliam
459 2456 544 2511 Dion
549 2455 701 2522 οόιίηονοι,
714 2455 828 2509 Italam
844 2454 1019 2527 Dionysius·
1007 2493 1017 2523 ,

123 2532 279 2603 Syracusas
288 2532 524 2607 Apollocrates&
536 2537 585 2605 εμὲ
594 2535 756 2594 roasimam
769 2533 866 2628 ficiem
877 2529 953 2588 ιιιιιΊ6
964 2532 1015 2588 lta·

124 2609 206 2666 bebat
216 2611 381 2684 Dionysius.

172 2738 214 2784 Vl.
235 2737 297 2786 Dion
309 2746 384 2786 morte
393 2735 440 2786 lilii
448 2736 559 2856 tristatup.
553 2736 700 2786 .Heraclidis
708 2737 786 2796 mdc,
798 2738 911 2802 populum
923 2753 937 2786 a
948 2754 973 2788 se

524 2823 538 2855 a
547 2809 618 2856 leuet.

162 2952 222 3008 Has
233 2962 293 3007 usn
301 2967 455 3026 prosperae
465 2961 578 3024 umque
591 2952 750 3026 inopinatas
761 2970 806 3008 res
816 2961 965 3007 consecuta
976 2961 1017 3008 est

123 3029 213 3086 subite
230 3029 429 3097 cormnutatio,
444 3030 526 3103 qrrbd
546 3029 663 3085 forium
680 3032 730 3087 sei
748 3031 918 3099 mobilitate,
930 3048 1015 3104 ιιιιιιιι

122 3109 210 3186 paulo
224 3109 294 3165 ante¹
307 3109 459 3178 extulerat,
476 3109 643 3182 demergere
660 3119 701 3163 est
717 3109 828 3165 adorsa.
847 3109 973 3164 Primisrn
986 3108 1015 3164 in

123 3187 200 3258 filio,
219 3189 256 3245 de
271 3207 334 3261 quo
346 3187 568 3245 commemoravi
589 3187 675 3262 supra
683 3225 695 3259 ‚
707 3206 786 3242 stram
805 3187 864 3241 vim
881 3186 1014 3243 exeroait

123 3267 205 3336 Nam,
217 3269 440 3343 quoibuxorem
453 3264 634 3324 retinuisset¹⁷
657 3284 721 3332 quae
735 3266 782 3320 alii
795 3263 888 3321 suerat
900 3266 1000 3320 tradita
1007 3304 1015 3333 ‚

54 3351 58 3361 '
121 3343 267 3418 filiumque
278 3350 363 3406 vellet
381 3370 522 3411 revocare
533 3349 569 3405 ad
583 3348 715 3405 virtutem
730 3368 746 3404 a
762 3350 873 3422 perdita
887 3348 1016 3405 luxurie.
