2228 3892
102 310 137 366 elt
264 317 266 321 ’
366 268 552 358 coartent
569 306 733 356 NEPOTIS

102 405 170 465 teris
181 402 269 478 qnlm
280 402 316 458 ab
332 401 473 458 Annibale
481 442 491 471 ,
505 419 542 459 ue
553 400 625 476 quid
636 401 684 458 ille
696 401 880 460 inscientibus
892 403 936 462 bis
947 405 1004 463 tol-

103 487 175 544 leret
188 500 341 557 secumque
355 481 480 538 duceret.
1038 485 1041 491 '

222 618 258 666 x.
278 613 385 664 annuat
396 618 502 664 Prusiam
514 621 616 664 conertat
628 612 739 664 adversus
753 617 880 664 Romanos.

142 751 192 806 Ssc
200 748 377 806 conservatis
393 745 451 805 suis
462 747 562 816 rebus,
580 751 701 819 Poenus,
720 748 810 805 illusis
823 749 1006 809 Cretensibus

105 828 254 899 omnibus,
266 828 304 884 ad
313 827 454 898 Prusiam,
466 827 496 882 in
508 825 660 884 Pontum¹⁵
671 828 811 902 pervenit.
820 828 908 902 Apud
919 846 1006 902 quem

103 908 205 965 eodem
224 908 319 963 animo
332 906 387 962 luit
399 925 469 982 erga
489 906 615 975 Italiam3
634 926 728 980 neque
750 907 827 962 aliud
848 907 1005 982 quidquam

101 987 160 1062 egit
171 985 260 1061 quiam
275 1006 373 1062 regem
385 985 506 1042 armavit
519 996 548 1042 et
561 986 689 1042 exercuit
703 986 838 1042 adversus
849 989 1005 1047 Romanos.
1086 1045 1093 1052 ,

103 1067 198 1136 Quem
206 1085 298 1140 quum
303 1067 413 1123 rideret
418 1065 577 1122 domesticis
584 1066 671 1122 rebus
679 1066 773 1122 minus
778 1083 837 1123 esse
843 1066 1004 1138 robustum,

102 1146 272 1203 conciliabat
283 1158 399 1203 caeteros
411 1164 505 1221 reges,
515 1144 746 1220 adjungebatque
755 1145 902 1202 bellicosas
912 1145 1004 1203 uatic-

102 1243 159 1281 nes.
172 1226 332 1282 Dissidebat
343 1226 380 1281 ab
392 1245 427 1282 eo
434 1229 625 1300 Pergamenus
634 1242 687 1282 rex
698 1227 839 1281 Eumenes
846 1265 854 1294 ,
868 1226 1004 1282 Romanis

101 1303 296 1373 amicissimus,
317 1304 483 1377 bellumque
502 1305 578 1360 iuter
597 1323 646 1361 eos
668 1305 822 1378 gerebatur
846 1316 873 1360 et
887 1304 959 1361 mari
977 1315 1003 1361 et

102 1383 191 1438 terra:
200 1386 259 1456 qui>
268 1383 355 1458 magis
365 1383 502 1457 cupiebat
509 1401 576 1439 eum
583 1383 708 1439 Annibal
716 1383 850 1458 opprimi.
859 1384 1004 1442 Sedutro·

101 1460 215 1535 biquel⁵
226 1464 367 1519 Eumenes
378 1465 444 1537 plus
450 1462 563 1519 valebat
569 1473 690 1537 propter
702 1465 901 1519 Romanorum
912 1463 1003 1520 socie-

101 1550 201 1598 tatem:
217 1561 302 1617 quem
314 1543 338 1599 si
353 1542 532 1612 removisset,
545 1541 674 1598 faciliora
690 1543 742 1599 sibi
756 1554 856 1598 caetera
869 1542 931 1599 fere
950 1561 1001 1598 ar·

101 1618 270 1677 bitrabatur.
289 1623 336 1677 Ad
348 1622 425 1676 hunc
439 1619 669 1677 interficiendum
683 1622 768 1678 talem
780 1622 841 1677 iniit
852 1622 1001 1678 rationem.
1100 1683 1104 1690 ,

102 1698 194 1756 Classe
205 1701 303 1773 paucis
314 1700 413 1754 diebus
425 1709 507 1754 erant
516 1700 674 1755 decreturi:
690 1701 878 1774 superabatur
888 1702 1003 1758 navium

101 1778 298 1847 multitudine;
310 1778 380 1833 dolo
393 1787 453 1832 erat
466 1779 672 1853 pugnandum,
686 1797 776 1851 quum
789 1799 842 1854 par
861 1801 921 1837 nou
934 1791 1004 1838 esset

101 1857 195 1914 armis.
210 1858 365 1933 Imperavit
374 1856 464 1931 qulam
475 1857 614 1932 plurimas
625 1870 777 1914 venenatas
797 1873 940 1935 serpentes
952 1861 1001 1916 vi-

100 1955 150 1994 vas
168 1937 282 2012 colligi,
304 1955 407 2012 easque
423 1937 453 1991 in
469 1956 535 1992 vasa
550 1935 647 1992 fictilia
664 1938 776 2011 conjici.
791 1941 901 1995 Harum
913 1959 1002 2014 quum

100 2017 286 2074 coniecissent
297 2037 430 2091 magnam
441 2016 662 2086 multitudinem,
670 2018 717 2073 die
728 2018 800 2092 ipso,
809 2037 868 2092 quo
876 2018 1001 2076 facturus

100 2107 161 2152 erat
172 2096 272 2150 navale
283 2097 430 2170 praelium,
443 2095 598 2152 classiarios
612 2108 764 2164 convocat,
783 2097 884 2170 bisque
895 2098 999 2172 praeci-

100 2172 142 2249 pit
154 2184 186 2228 ut
198 2192 296 2230 omnes
310 2175 341 2229 in
359 2195 445 2231 unam
461 2176 595 2233 Eumenis
607 2177 680 2252 regis
691 2187 867 2232 concurrant
884 2195 1000 2246 navem,

101 2253 234 2309 acaeteris
246 2255 356 2310 tantiam
370 2256 435 2311 satis
445 2255 570 2312 habeant
582 2276 611 2312 se
623 2256 795 2325 defendere,
808 2256 837 2310 id
849 2256 929 2313 facile
938 2256 1001 2313 illos

100 2333 277 2408 serpentium
288 2335 471 2391 multitudine
480 2346 692 2392 consecuturos.
700 2339 762 2390 Rex
771 2334 894 2390 autem¹⁶
906 2337 1000 2408 inqua

99 2431 172 2495 pave
185 2413 339 2471 veheretur
357 2426 389 2470 ut
404 2415 524 2483 scirent,
537 2432 566 2470 se
584 2413 744 2471 iacturum:
758 2432 844 2485 quem
856 2415 880 2469 si
891 2425 940 2470 aut
950 2433 1001 2470 ce-

98 2491 204 2628 pissent
222 2505 271 2550 aut
290 2493 511 2564 interfecissent,
524 2512 628 2570 magno
651 2494 695 2550 bis
713 2493 866 2569 pollicetur
883 2494 1000 2568 praemio

111 2591 170 2631 ore.

100 2710 147 2760 n.
167 2706 281 2772 Annibal,
290 2717 375 2762 conda
384 2711 514 2761 Eumenem
524 2723 641 2778 pugnam,
651 2716 772 2775 serpentes
779 2706 879 2758 navibus
888 2706 999 2759 immittit.

139 2871 214 2926 Tin
227 2868 428 2928 cohortatione
438 2871 562 2928 militum
573 2868 661 2940 factal,
679 2867 771 2926 classis
784 2865 820 2924 ab
832 2866 960 2942 utrisque
970 2866 1000 2922 in

101 2949 233 3024 praelium
244 2950 406 3007 deducitur.
424 2954 554 3021 Quarum
575 2951 633 3007 acie
651 2949 816 3018 constituta,
833 2948 1000 3022 priusquam

99 3028 213 3104 signum
233 3049 336 3105 pargnac
351 3031 486 3100 daretur,
503 3029 642 3096 Annibal,
657 3041 689 3084 ut
706 3029 801 3103 palam
822 3028 928 3084 laceret
945 3026 1000 3084 suis

101 3124 160 3181 quo
173 3108 238 3166 loco
252 3111 394 3167 Eumenes
409 3121 495 3178 esset,
510 3107 688 3165 tabellarium
706 3108 736 3172 in
751 3108 855 3180 scaphia
868 3126 935 3162 cum
950 3125 1000 3162 ca-

100 3186 217 3245 dueeo¹⁷
231 3191 330 3259 mittit3
340 3191 400 3262 qui,
412 3190 463 3245 ubi
473 3190 510 3245 ad
519 3207 604 3244 naves
616 3185 848 3243 adversariorum
855 3185 999 3261 pervenit,

99 3266 247 3340 epistolam
261 3270 426 3339 osteudens,
438 3288 467 3326 se
478 3287 575 3343 regem
586 3268 730 3342 professus
742 3277 926 3338 estquaerere.
939 3267 1000 3322 Sta-

100 3345 151 3400 tim
165 3348 201 3402 ad
214 3351 372 3408 Eumenem
383 3349 521 3406 deductus
535 3358 590 3416 est,
604 3348 683 3420 quod
695 3364 782 3404 nemo
794 3345 942 3402 dubitabat
951 3344 999 3400 ali·

100 3424 171 3482 auid
186 3427 222 3485 de
235 3449 304 3506 pace
315 3450 374 3489 esse
388 3431 533 3509 scriptum.
547 3426 739 3498 Tabellarius,
760 3427 838 3484 ducis
858 3445 929 3484 nave
946 3425 999 3481 de·
