2228 3892
377 344 681 392 THEMISTOCLES.
783 375 789 385 ι
946 354 960 400 7

67 441 139 497 adeo
150 450 182 495 ut
191 438 363 493 anteferatur
375 437 441 493 huic
454 456 552 505 nemo,
560 437 643 511 pauci
655 456 737 511 pares
748 448 894 512 putentur.
906 440 960 495 Sed

66 520 102 575 ab
114 519 193 574 initio
206 528 246 573 est
262 517 441 572 ordiendum.
464 519 545 572 Pater
558 517 632 588 ejus,
646 517 780 583 Neocles,
794 517 958 591 generosus¹

65 597 125 654 tuit.
139 599 166 652 Is
178 616 297 652 uxorem
311 596 651 650 Halicarnassuru²civern
660 597 750 664 (lussit,
765 592 868 669 §qua
881 607 961 652 natus

66 689 106 734 est
119 677 328 732 Themistocles.
344 675 400 744 Qui
412 694 500 748 quum
513 676 606 729 minirs
620 687 691 731 esset
706 676 842 748 probatus
852 694 958 749 parcn-
1023 710 1027 718 ι

65 757 152 824 tibus,
165 755 244 829 quod
254 767 279 810 et
293 755 407 808 liberius
420 755 529 809 vivebat
541 767 568 810 et
579 774 640 809 rem
652 755 818 809 lainiliareru
828 755 959 829 neglige-

65 833 128 903 bat,
142 855 157 889 a
173 845 254 909 patre
268 833 460 890 exhaeredatus
474 846 522 889 est.
537 837 606 902 Quae
618 835 788 888 contumelia
804 853 863 889 non
878 833 962 908 fregit

65 931 144 981 eum,
156 912 206 967 sed
218 912 316 966 erexit.
329 912 414 982 Nam,
425 932 514 985 quum
524 913 684 985 judicasset,
692 913 867 968 sinesummal
878 912 961 968 indu·

65 991 131 1046 stria
145 1010 204 1046 uon
217 993 526 1067 posseeamexstingui,
541 1003 633 1048 totum
644 1012 673 1047 se
687 993 765 1046 dedit
778 991 942 1065 reipublicae
952 992 972 1056 ,¹²

63 1069 224 1144 diligentias
242 1071 335 1125 altricis
354 1063 491 1144 famaeque
508 1072 641 1127 serviens.
653 1061 786 1159 paulatim
806 1072 833 1124 in
848 1069 962 1141 judiciis

63 1149 179 1227 privatis
191 1150 363 1216 versabatur,
378 1169 449 1223 saepe
465 1152 493 1205 iu
507 1152 674 1205 concionem
693 1149 793 1222 populi
810 1147 960 1222 prodibat;

63 1229 141 1282 nulla
152 1229 304 1299 resqmajor
317 1229 374 1282 sine
390 1248 423 1282 eo
434 1229 600 1301 gerebatnr3
612 1228 807 1300 celeriterque,
815 1246 878 1300 quae
888 1246 960 1302 opus

64 1318 152 1375 erant,
166 1308 333 1380 reperiebat,
346 1307 426 1362 facile
435 1308 533 1362 eadem
545 1310 674 1363 oratione
686 1308 851 1381 explicabt.
861 1308 960 1380 Neque

64 1385 157 1442 miraris
178 1387 208 1440 in
232 1387 315 1441 rebus
340 1386 469 1460 gerendis
487 1399 638 1461 promptus
658 1387 744 1459 quarn
769 1385 960 1460 excogitandis

62 1476 138 1520 erat:
151 1466 230 1538 quod
248 1492 258 1514 «
267 1477 294 1520 et
314 1465 349 1520 dc
368 1466 534 1520 instantibus
546 1466 594 1542 (ut
609 1466 647 1519 ait
659 1462 858 1541 Tltncydidcs)
870 1465 959 1520 veris-

63 1544 130 1601 sime
138 1545 292 1618 judicabat,
303 1556 330 1599 ct
341 1546 376 1598 de
389 1545 492 1600 futuris
499 1545 675 1600 callidissime
686 1544 883 1618 conjiciebat.»
894 1544 960 1613 ¹Ouo

63 1621 167 1680 ‘actum
179 1637 219 1682 est
228 1638 260 1680 ut
274 1626 355 1680 brevi
367 1635 497 1699 tempore
508 1624 706 1680 illustraretur.

857 1707 871 1739 0

169 1741 205 1843 133
222 1751 393 1802 Themistocles
404 1751 468 1803 bello
478 1754 553 1804 clanis
565 1757 689 1819 Corcyreo
699 1761 724 1802 ct
736 1751 839 1804 Persico.

103 1854 210 1909 Purrus
224 1866 317 1908 autern
334 1859 438 1927 gradus
450 1855 503 1908 fuit
520 1856 695 1929 capessendae
707 1854 871 1928 reipublicae
883 1853 960 1910 bello

63 1931 233 2006 Corcyraeo:
246 1933 282 1985 ad
301 1933 380 2003 quod
399 1932 555 2004 gerendum
574 1945 681 2006 praetor
696 1952 711 1986 a
728 1933 838 2005 populo
853 1932 959 2000 factus,

63 2027 122 2064 non
134 2012 227 2065 solinu
244 2010 375 2082 praesenti
387 2010 472 2079 bello,
484 2013 533 2066 sed
546 2013 629 2065 etiam
645 2012 758 2083 reliquo
773 2023 901 2084 tempore
915 2009 959 2066 fe-

59 2089 215 2145 rociorcm3
226 2089 349 2143 reddidit
361 2089 507 2144 civitatem.
543 2111 597 2157 arn,
607 2109 695 2163 quum
705 2091 823 2164 pecunia
833 2088 958 2163 publica,

24 2168 29 2188 ⁵
62 2186 125 2240 quae
137 2187 171 2223 cx
183 2168 312 2223 metallis³
326 2169 444 2234 redibat,
456 2086 606 2244 larglione
618 2170 958 2244 tnagistratunmquotan-

62 2245 104 2301 nis
115 2248 258 2313 interiret,
273 2248 319 2302 illc
339 2247 479 2321 persuasit
499 2249 608 2323 populo
629 2259 660 2302 ut
677 2251 708 2302 ea
728 2247 846 2322 pecunia
865 2246 958 2303 classis
1006 2244 1066 2275 s*

62 2336 175 2381 centurn
192 2328 307 2381 navium
326 2325 520 2382 aedificaretur.
539 2329 602 2396 Qua
616 2328 745 2380 celeriter
762 2325 873 2390 effecte,
890 2325 956 2398 pri·
1031 2304 1082 2376 *tq

62 2406 139 2459 mum
152 2406 434 2480 Corcyraeosltregit3
446 2405 719 2469 deinde,1naritun0s
732 2406 879 2475 praedones
889 2420 957 2456 con·
1040 2449 1053 2458 ,

60 2485 206 2551 sectando,
216 2503 293 2539 mare
306 2496 399 2537 tutunt
408 2482 539 2540 reddidit.
550 2482 583 2534 ln
596 2500 654 2552 quo
663 2499 752 2553 quum
760 2481 862 2535 divitiis
872 2499 889 2535 ο
944 2512 956 2522 -

60 2561 116 2629 vit,
129 2571 189 2616 tum
202 2564 284 2617 etiam
298 2562 479 2635 peritissimos
490 2559 558 2614 belli
569 2558 674 2615 navalis
685 2561 749 2615 feeit
761 2498 953 2617 Athenieriid„

60 2640 93 2694 ld
105 2651 216 2713 quantae
231 2641 314 2694 saluti
331 2640 415 2693 suerit
427 2639 562 2693 universae
575 2641 705 2705 Graeciae,
719 2640 795 2694 bello
810 2639 952 2713 cognitum

61 2729 102 2774 cst
120 2718 254 2785 Persico,
279 2732 369 2793 qtrum
398 2718 508 2773 Xerxes
534 2728 562 2773 et
591 2720 663 2772 mari
684 2730 711 2773 et
746 2723 822 2774 terra
846 2713 969 2774 bellum(
990 2717 1007 2722 ⁷
1062 2749 1090 2788 χ

60 2798 196 2854 universae
223 2798 339 2853 inferret
360 2799 503 2870 Europae,
530 2817 594 2852 cum
613 2797 695 2853 tantis
717 2799 817 2872 copiis⁵
836 2808 1008 2870 quantasf-
1057 2842 1066 2855 ,

59 2895 152 2951 neque
164 2890 252 2938 antea¹
291 2895 354 2951 eque
376 2888 472 2950 postca
486 2877 588 2932 hahuit
599 2877 762 2950 quisquam:
778 2879 863 2949 hujus
879 2876 954 2932 cuim

59 2955 151 3013 classis
180 2959 259 3033 miii·¹
288 2969 315 3011 et
345 2957 532 3013 ducentarum
552 2959 666 3012 naviuin
697 2954 862 3031 longarum⁶
885 2955 951 3023 luit,

60 3052 147 3107 quant
166 3037 225 3091 duo
249 3036 335 3094 millia
360 3037 556 3093 onerariarum
576 3037 785 3110 sequebantur,
808 3046 952 3092 terrestres

60 3124 153 3170 autem
172 3116 310 3172 exercitus
326 3117 569 3192 septingentorum
582 3117 858 3190 millium'pcditum‚
870 3112 950 3186 equi·

60 3203 121 3247 tum
133 3196 408 3270 quadringentorum
421 3197 541 3251 millium
550 3195 665 3252 filerunt
684 3198 770 3269 Cujus
782 3197 817 3250 de
829 3190 953 3248 adventu

59 3289 150 3346 quum
168 3275 284 3330 fainaio
303 3276 440 3332 Graeciam
459 3287 528 3333 esset
545 3279 671 3352 perlata,
686 3285 714 3333 et
730 3272 849 3329 maxime
861 3270 953 3328 Athe-

59 3351 176 3417 nienses
187 3356 245 3427 peti
263 3355 426 3411 dicerentur
444 3368 564 3432 propter
581 3373 706 3431 pugnam
728 3351 953 3418 Marathoniam,

98 3443 196 3489 wrunt
213 3433 342 3506 Delphos
357 3437 532 3503 consultum,
548 3436 684 3502 quidnam
701 3431 827 3489 lacerent
843 3431 880 3489 dc
904 3447 953 3488 re-

108 3568 124 3579 ..
155 3514 198 3575 Λ

168 3594 192 3646 (ι
577 3575 629 3628 Α

363 3661 466 3783 or
514 3656 526 3679 ·
