2228 3892
162 287 214 334 ⁴⁴2
425 281 615 330 comui
632 281 795 328 nteorts

161 383 266 438 tumdl
274 382 332 436 hoc
340 392 469 454 tempore
479 379 673 448 adhibuerim,
681 399 773 452 quum
782 379 1067 455 vostesteshabean,

159 461 232 516 ndril
249 478 361 515 necesse
372 470 414 514 est
427 459 561 533 pluribus
575 458 671 513 verbis
691 477 930 514 commemorare.
951 462 1068 533 Quibus

159 541 305 612 quoniam,
312 550 345 593 ut
356 557 456 612 spero,
467 537 598 602 satisfeci,
611 556 657 592 me
669 538 741 592 nihil
752 538 858 610 reliqui
869 537 972 595 fecsse
986 541 1066 615 quod

159 619 197 672 ad
207 618 365 673 sanandum
378 637 424 672 me
431 617 600 692 pertineret,
614 617 758 689 reliquum
769 628 810 672 est
822 628 855 671 ut
866 630 989 690 egomet
996 620 1068 679 milti

159 698 315 752 consulam.
331 698 425 752 Idvos
444 697 578 769 ignorare
592 697 693 751 nolui:
716 715 784 749 nam
798 696 870 749 mihi
880 697 965 751 stat&
988 701 1067 757 alere

159 775 298 830 morbum
306 776 442 831 desinere
447 777 578 848 Namque
585 775 630 829 his
637 775 738 829 diebus
744 775 887 847 quidquid
891 776 951 831 cibi
961 796 1066 855 sump-

159 853 196 922 si,
209 854 248 908 ita
258 855 398 928 produxit
410 855 497 908 vitam
507 865 540 908 ut
549 856 680 908 auxerim
689 853 806 909 dolores
816 853 877 908 sine
887 873 941 928 spe
953 857 1064 915 salutm

160 935 258 1002 Quare
269 953 286 987 a
296 933 380 987 vobis
389 944 471 1006 peto,
480 933 607 1005 primirm
615 944 647 987 ut
655 934 805 987 consilium
813 933 946 1007 probetis
955 953 1065 1005 meum,

160 1010 263 1068 deinde
275 1030 311 1067 ne
317 1011 424 1067 frustra
435 1011 618 1067 dehortando
626 1011 776 1067 conemini
785 1037 798 1062 ι

317 1148 403 1194 xm
423 1143 515 1193 Atticus
528 1143 605 1192 inediti
619 1143 730 1204 moritur,
742 1153 766 1193 el
777 1143 899 1209 sepelitur.

200 1270 263 1324 Hac
288 1271 419 1325 oratione
449 1271 561 1338 hahita,
587 1271 662 1325 tantia
696 1270 852 1326 constantii
874 1271 955 1328 vocis
976 1284 1065 1349 aque

163 1348 257 1403 vulths
275 1359 306 1402 ut
328 1367 389 1402 non
412 1367 447 1404 ex
466 1349 540 1416 vid,
554 1349 604 1403 sed
630 1368 666 1403 ex
686 1350 773 1405 domo
791 1351 820 1404 in
839 1349 960 1405 domum
980 1351 1065 1410 vide·

161 1436 242 1481 retur
264 1427 403 1502 migrare3
421 1447 511 1502 quum
530 1427 646 1501 quidem
668 1430 798 1502 Agrippa
820 1447 902 1496 eum,
925 1427 1002 1488 flens
1016 1444 1065 1488 at-

123 1549 126 1553 .
161 1523 218 1578 que
231 1507 376 1574 osculans,
392 1518 487 1563 oraret
498 1517 583 1580 atque
601 1506 764 1563 obsecraret
782 1526 837 1562 «ne
853 1506 917 1577 idffi,
930 1509 970 1565 ad
981 1512 1066 1585 quod

161 1596 266 1640 natura
277 1596 404 1661 cogeret,
416 1587 476 1660 ipse
487 1605 604 1660 quoque
613 1587 667 1642 sibi
675 1588 857 1652 acceleraret,
867 1598 907 1653 et,
920 1589 1064 1660 quoniam

163 1673 222 1717 turn
234 1683 351 1737 qnoque
366 1677 459 1737 posset
470 1666 646 1737 temporibus
662 1684 821 1739 superesse,
835 1684 864 1720 se
879 1665 934 1720 sibi
946 1669 1064 1743 suisque

162 1755 356 1812 reservaret»;
380 1761 478 1815 preces
495 1743 556 1819 ejus
572 1745 712 1798 taciturnd
727 1747 777 1799 sud
797 1744 990 1802 obstinatione
1008 1749 1065 1804 de·

161 1820 271 1892 pressit
283 1821 328 1877 Sic
343 1839 439 1894 quum,
449 1821 570 1877 biduum
582 1822 646 1876 cibo
664 1840 692 1876 se
704 1823 893 1889 abstinuisset,
906 1822 1005 1882 subito
1016 1827 1064 1884 fe·

160 1899 221 1958 bris
235 1900 366 1969 decessit,
379 1900 527 1974 leviorque
545 1902 667 1956 morbus
685 1920 743 1957 esse
760 1904 853 1976 coepit.
866 1904 974 1958 Tamen
988 1924 1066 1980 pro-
1085 1913 1088 1919 '

161 1979 286 2052 positum
298 1980 390 2035 nihilo
402 1981 491 2036 secius
498 1981 615 2056 peregit.
624 1982 732 2054 ltaque,
743 1981 789 2036 die
798 1981 898 2054 quinto
906 1993 1066 2056 postquam

162 2055 191 2110 id
210 2059 361 2112 consilium
381 2059 497 2124 inierat,
518 2059 612 2131 pridie
632 2060 688 2113 hal.
713 2060 823 2133 April,
845 2060 896 2114 Cn.
916 2061 1066 2134 Domitio,

161 2133 192 2188 C.
210 2135 292 2189 Sosio
310 2153 396 2201 coss,
408 2133 559 2190 decessit57.
571 2137 667 2191 Elatus
679 2148 719 2190 est
730 2138 759 2190 in
771 2139 943 2206 lecticuls1⁵⁸‚
955 2151 990 2196 ut
1002 2143 1066 2218 ipse

161 2211 380 2286 praescripserat,
392 2212 451 2269 sine
465 2214 524 2268 ulla
538 2215 643 2288 pompa
656 2214 772 2285 funeris,
786 2217 987 2274 comitantibus
1000 2239 1066 2279 om·

160 2291 244 2347 nibus
255 2292 350 2361 bonis,
362 2291 485 2348 maximi
496 2293 574 2367 vulgi
591 2293 760 2366 frequentia.
779 2297 911 2370 Sepultus
927 2307 967 2351 est
976 2297 1065 2370 juxta

160 2371 410 2448 viamhppiam‚ad
420 2371 948 2449 quintumlapidem59,inmonumento
957 2378 1065 2445 (Μὴ.

160 2449 232 2521 citii,
244 2453 380 2508 avunculi
389 2453 442 2508 sui.

162 2612 1034 2646 Wmmsuuuumimmmmmmsmmsummu
1038 2626 1063 2650 ι.

168 2724 334 2799 VERBA
358 2729 450 2800 SEU
475 2726 730 2799 EPISTOLA
757 2731 1054 2820 CORNELIAE‚

413 2898 533 2936 narnis
553 2897 798 2949 onacononun,

247 3028 282 3074 llx
293 3022 396 3074 Cornelii
407 3023 505 3091 Nepotis
518 3023 578 3074 libro
584 3025 614 3074 de
619 3026 709 3076 Latinis
721 3026 836 3076 historicis
849 3036 967 3094 excerpta.

200 3155 288 3211 Druna
306 3155 460 3230 pulchrum
477 3174 534 3213 esse
555 3154 682 3211 inimicos
698 3157 802 3212 ulcisci.
814 3158 848 3212 ld
859 3177 953 3232 neque
965 3162 1062 3235 majus

161 3249 255 3303 neque
266 3233 415 3309 pulchrius
426 3237 560 3309 cuiquam
573 3232 667 3308 atque¹
685 3253 742 3290 esse
754 3235 824 3291 mihi
835 3236 962 3306 videtur,
974 3241 1061 3300 sedai

222 3321 245 3369 tt
259 3313 405 3389 republicl
423 3314 499 3372 salah
510 3315 555 3371 ea²
568 3313 708 3391 persequi
729 3315 786 3372 Sed
798 3326 936 3389 quatenus
951 3318 981 3374 id
992 3317 1061 3377 fieri

245 3404 351 3465 potest,
368 3394 460 3452 multo
483 3404 603 3456 temore
622 3397 772 3469 multisque
799 3406 927 3481 partibus
947 3406 1057 3466 iniungi
