2228 3892
309 325 313 332 ι
329 299 517 347 CORNELII
535 301 700 349 Nerone

314 427 370 473 vlt.
385 426 495 472 Datames
505 421 637 489 proditura
649 421 708 475 lilio.

105 561 149 612 Aa
159 558 214 610 hoc
222 566 316 611 tamen
324 555 389 610 viro
399 554 528 623 Scismas,
539 555 663 610 maximo
671 565 741 610 natu
750 553 838 626 lilius,
851 558 960 631 desciit,

66 634 103 690 ad
113 653 268 709 regemque
278 634 400 704 transiit,
414 645 441 688 et
452 634 489 689 de
500 633 657 689 defectione
668 635 757 707 patris
770 634 880 690 detulit.
894 639 962 706 Quo

64 715 166 768 nuntio
182 717 353 770 Artaxerxes
362 723 535 781 commotus,
548 712 627 784 qubd
645 712 816 786 intelligebat
827 713 881 769 sibi
893 733 961 772 cum

64 792 128 848 viro
141 793 209 848 forti
218 813 250 848 ac
264 805 381 848 strenuo
394 791 540 866 negotium
550 809 620 860 esse,
629 791 678 864 qui
685 831 693 859 ‚
703 811 792 864 quum
801 792 961 866 cogitdssea

63 869 158 928 facere
172 873 306 940 auderet,
318 882 346 926 et
356 871 436 945 prius
447 870 571 945 cogitare
583 869 670 943 quim
680 871 779 925 conari
791 871 961 939 consuesset,

64 950 309 1025 Autophradatern
328 951 358 1004 in
375 949 584 1024 Cappadociam
605 948 696 1003 mittit.
723 951 775 1004 Hic
797 949 961 1006 reintrare

38 1081 44 1090 ,
62 1040 157 1102 posset
173 1031 275 1086 saltum
293 1029 324 1084 in
343 1048 402 1102 quo
420 1028 524 1083 Ciliciae
544 1039 634 1102 portae
653 1039 719 1083 sunt
735 1028 806 1096 sitae,
829 1029 960 1085 Datames

62 1125 267 1184 praeoccupare
283 1108 407 1176 studuit,
429 1107 478 1164 sed
497 1117 552 1160 tarn
570 1106 663 1162 subitb
675 1107 771 1181 copias
788 1107 961 1164 contrahere

62 1205 122 1240 non
135 1189 237 1260 potuit.
252 1191 279 1243 A
293 1187 390 1261 quire
401 1187 549 1261 depulsus,
557 1204 622 1240 curn
634 1185 666 1240 ei
677 1205 778 1253 manu,
788 1204 874 1258 quam
885 1203 959 1241 con-

61 1272 202 1334 traxerat,
221 1267 319 1320 locum
339 1266 444 1339 delegit
457 1266 540 1319 talem
557 1275 589 1319 ut
606 1283 699 1338 neque
711 1264 909 1320 circumiretur
920 1263 959 1318 ab

61 1339 206 1412 hostibus,
226 1363 319 1416 neque
333 1343 492 1417 praeteriret
508 1343 686 1399 adversarius
705 1344 774 1416 quin
791 1341 959 1416 ancipitibus

57 1417 154 1478 locis²³
174 1433 368 1497 premeretur3
392 1432 432 1490 et,
451 1420 474 1476 si
494 1420 628 1476 dimicare
645 1441 711 1476 cum
729 1440 764 1476 eo
784 1421 884 1488 vellet,
896 1438 959 1477 non

58 1502 183 1557 multum
195 1502 292 1558 obesse
303 1500 457 1557 multitudo
468 1499 594 1556 bostium
605 1519 661 1556 suae
673 1500 807 1575 paucitati
818 1509 920 1574 posset.

126 1630 195 1709 VIlI.
214 1665 324 1710 Datames
335 1658 536 1726 Autophradaten
546 1695 553 1721 ,
564 1667 646 1708 contre
656 1675 682 1708 se
692 1659 799 1721 missum,
812 1658 893 1710 vincit.

100 1809 166 1864 Hac
178 1808 229 1865 etsi
244 1808 615 1884 Autophradatesvidebat,
635 1818 728 1863 tamen
746 1808 867 1865 statuit2⁴
885 1829 959 1868 con-

60 1889 143 1964 gredi
162 1888 249 1962 quam
260 1908 327 1944 cum
349 1889 432 1945 tantis
452 1887 541 1962 copiis
559 1886 703 1962 refugere,
722 1899 771 1942 aut
787 1889 885 1944 tandiu
896 1910 958 1948 uno

59 1968 126 2023 loco
152 1969 257 2024 sedere.
279 1969 408 2024 Habebat
426 1968 621 2024 barbarorum
639 1967 766 2040 equitum
777 1967 891 2041 viginti,
905 1987 959 2043 pe-

46 2044 153 2122 -ditum
164 2056 293 2110 centum,
306 2047 408 2112 millia,
420 2065 492 2119 quos
504 2047 546 2099 illi
560 2047 706 2101 Cardacas
716 2047 872 2120 appellant,
885 2048 960 2119 ejus-

58 2121 184 2197 demque
204 2123 374 2198 generistria
392 2123 586 2190 funditorum3
598 2135 735 2194 praeterea
755 2126 959 2200 Cappadocum

15 2233 16 2236 ¹
61 2212 139 2270 octo,
148 2203 468 2272 Armeniorumdecem‚
482 2202 699 2276 Paphlagonum
711 2203 846 2277 quinque,
860 2206 958 2282 Phry-

61 2299 131 2358 gum
152 2283 265 2352 decem,
290 2282 437 2358 Lydorum
455 2282 598 2356 quinque,
621 2283 832 2357 Aspendiorum
855 2296 884 2340 ct
906 2286 958 2342 Pi-

60 2361 188 2418 sidarurn
199 2364 311 2419 circiter
321 2363 384 2436 tria,
391 2361 510 2418 Cilicum
521 2362 590 2429 duc,
605 2362 808 2436 Captianorum
821 2364 954 2432 totidem,

62 2459 97 2497 ex
116 2444 226 2498 Graecia
247 2443 456 2499 conductorum
482 2440 578 2510 tria25,
599 2442 668 2496 levis
689 2453 840 2499 armaturae
863 2443 957 2498 maxi-

63 2537 140 2574 mum
160 2539 320 2575 numerum.
338 2523 394 2578 Has
412 2522 547 2589 aduersis
564 2522 660 2596 copias
673 2540 735 2596 spes
754 2521 845 2578 omnis
861 2521 958 2578 consi-

61 2597 151 2651 stebat
162 2599 275 2653 Datami
281 2598 310 2651 in
320 2617 349 2653 se
358 2598 470 2672 locique
482 2602 593 2656 natura:
601 2599 957 2676 namquehujusffipartem

61 2691 121 2729 non
137 2676 259 2733 habebat
270 2677 429 2733 vicesimam
444 2676 574 2731 militum.
593 2680 703 2746 Quibus
714 2681 803 2734 fretus
813 2678 956 2749 conflixit,

60 2753 347 2830 adversariorumque
362 2757 451 2812 multa
463 2756 551 2810 millia
562 2756 700 2824 concidit,
717 2775 807 2828 quum
822 2757 858 2812 de
869 2756 956 2831 ipsius

60 2834 186 2890 exercitu
202 2853 262 2890 non
276 2837 396 2910 amplilrs
416 2835 566 2891 bominum
584 2832 685 2891 mille²⁷
700 2835 848 2890 cecidisset.
862 2837 955 2905 Quam

61 2913 100 2966 ob
120 2933 232 2970 causam
253 2926 369 2989 postero
382 2916 429 2970 die
443 2927 584 2990 tropaeum
600 2915 695 2990 posuit
707 2934 766 2989 quo
780 2915 844 2970 loco
861 2914 955 2988 pridie

59 3004 219 3067 pugnatum
232 3005 300 3051 erat.
318 2994 390 3050 Hinc
411 3013 501 3067 quum
519 3007 608 3051 castra
622 2996 771 3064 movbset,
787 3011 955 3068 semperque

61 3070 180 3129 inferior
188 3076 284 3150 copiis,
294 3077 425 3150 superior
434 3074 566 3132 omnibus
575 3075 864 3149 praeliis‚discederet,
874 3074 956 3147 qubd

60 3172 207 3229 ..unquam
219 3175 334 3210 manum
346 3164 521 3222 consereret,
529 3155 582 3209 nisi
591 3173 680 3227 quum
688 3155 865 3210 adversarios
876 3153 955 3208 loco-

59 3249 124 3287 rum
136 3236 271 3311 angustias
282 3237 424 3294 clausisset
432 3275 439 3303 ,
447 3236 527 3309 quod
534 3236 627 3310 perito
639 3234 789 3308 regionum
798 3232 955 3307 callideque

57 3313 681 3392 cogitantisaepeaccidebanamophradates,
690 3333 780 3387 quum
787 3311 954 3369 bellandu-

57 3386 108 3442 ⁰l²⁸
122 3400 231 3473 majore
242 3401 316 3476 regis
327 3399 482 3455 calamitate
497 3395 580 3467 quiam
596 3395 825 3452 adversariorum
835 3391 954 3456 videret
