2228 3892
751 320 761 346 Ι

158 371 1053 398 mmmmmtwmmusuwususw

321 527 589 604 -attctottls
613 529 889 603 *PRAEFATIQ

193 883 264 941 Nun
283 879 385 941 dubito
399 881 479 940 roret
501 881 669 959 plerosque,
691 881 810 953 attint,
828 884 878 957 qui
892 883 951 940 hoe
964 900 1053 961 genus

134 987 139 993 ’
155 994 304 1071 scripture
316 995 380 1051 leve
393 1005 422 1050 ct
434 1012 494 1050 non
513 994 577 1051 satis
597 995 910 1070 dignumsummorum
919 994 1053 1051 virorum

91 1172 96 1179 ‚
155 1106 295 1182 personis³
314 1103 460 1177 judicent,
480 1122 569 1178 quum
587 1101 709 1161 relatum
726 1105 823 1180 legent
836 1104 899 1177 quis
918 1104 1051 1159 musicam

105 1227 108 1235 '
154 1215 285 1296 docuerit
296 1213 544 1287 Epaminondam,
563 1225 612 1267 aut
631 1214 660 1266 in
681 1213 741 1284 ejus
758 1212 911 1268 virtutibus
922 1230 1051 1269 comme-

154 1322 276 1380 morari⁴
299 1321 410 1377 saltissc
431 1341 496 1377 eum
516 1322 665 1378 commode
688 1321 865 1397 scienterque
888 1323 962 1379 tibiis
982 1341 1050 1378 can-

118 1412 121 1419 ·
155 1431 244 1490 risset
258 1433 314 1489 Scd
323 1431 354 1487 hi
364 1443 449 1487 crunt
459 1430 532 1488 iere⁶
544 1432 607 1507 qui,
623 1443 750 1506 expertes
763 1433 924 1488 litterarum
936 1435 1051 1489 Graeca-

153 1561 228 1609 rum,
238 1541 310 1597 nihil
321 1553 440 1611 rectum,
453 1542 507 1595 nisi
519 1543 598 1615 quod
610 1542 739 1615 ipsorum
747 1541 876 1596 moribus
889 1542 1051 1607 conveniat,

153 1649 301 1724 putabunt.
320 1650 359 1706 Hi
377 1651 400 1706 si
412 1650 564 1706 didicerint
577 1670 637 1706 non
650 1651 749 1707 eadem
766 1650 897 1706 omnibus
918 1668 975 1706 esse
993 1649 1050 1704 ho-

153 1770 230 1815 nesta
241 1771 325 1834 atque
337 1760 444 1834 turpia,
454 1760 503 1815 scd
515 1761 610 1815 omnin
622 1761 765 1832 majorum
776 1751 907 1815 institutis
913 1759 1050 1833 judicari,
1103 1840 1104 1843 Ἴ

152 1886 213 1924 non
226 1869 445 1925 admirabuntur
456 1888 510 1924 nos
520 1869 550 1924 in
563 1869 720 1925 Graiorum
736 1870 890 1925 virtutihus
902 1888 1043 1943 exponen-

152 1976 196 2033 dis
206 1995 302 2033 mores
314 1996 416 2032 eorum
428 1989 545 2032 secutos.
558 1979 659 2050 Neque
671 1975 747 2031 enim
760 1976 873 2031 Cimoni
885 1976 940 2030 snit
953 1987 1050 2051 turpe,

152 2085 368 2144 Atheniensium
382 2105 493 2142 summo
512 2086 592 2158 viro,
608 2105 738 2143 sororem
755 2084 931 2161 germanam⁷
943 2084 1051 2142 habere

152 2195 183 2250 in
193 2196 392 2265 matrimonio,
405 2197 510 2270 quippe
523 2216 612 2269 quum
624 2196 684 2268 ejus
700 2196 773 2251 cives
786 2196 888 2251 eodem
901 2205 1051 2250 uterentur

154 2298 295 2356 instituto:
314 2311 342 2356 at
362 2300 392 2355 id
411 2300 525 2373 quidem
545 2301 649 2356 nostris
671 2301 800 2356 moribus
822 2299 902 2354 nefas
919 2299 1050 2354 habetur.

153 2408 239 2463 Nulla
258 2402 468 2465 Laccdaemoni7
487 2420 543 2464 tam
563 2421 604 2464 est
625 2408 730 2463 nobilis
750 2407 836 2460 vidua
855 2424 918 2477 quae
936 2424 996 2459 non
1015 2406 1050 2460 ad

154 2519 278 2572 scenam⁸
295 2530 339 2574 eat
353 2517 485 2574 mercede
503 2515 651 2571 conducta.
670 2514 781 2590 Magnis
800 2515 830 2570 in
846 2515 978 2570 laudibus
992 2517 1049 2571 toti

138 2625 207 2681 *tuit
229 2626 339 2681 Graecid
350 2626 489 2681 victorem
510 2625 649 2704 Olympiae
670 2623 780 2695 citari93
800 2626 830 2681 in
847 2645 960 2681 scenam
979 2628 1049 2682 verd

154 2736 272 2834 prqdire
280 2709 312 2793 et
325 2737 435 2811 populo
448 2756 505 2794 esse
518 2738 691 2813 spectaculo,
705 2737 812 2793 nemini
825 2737 855 2793 in
868 2738 972 2821 eisdem
983 2757 1046 2813 gen-

154 2845 228 2904 tibus
238 2846 292 2902 fuit
303 2845 484 2921 turpitudini.
499 2850 568 2916 Quae
580 2846 675 2903 omnia
686 2847 764 2922 apud
780 2843 846 2904 nos9
860 2847 964 2922 partim
976 2847 1047 2902 infa-

154 2954 218 3024 mia,
225 2956 330 3029 partim
340 2955 459 3011 humilia
470 2968 554 3030 atque
566 2957 602 3012 ab
613 2956 761 3015 honestate
770 2969 878 3015 remota
890 2969 1049 3031 ponuntur.

154 3061 288 3121 Contra¹⁰
301 3084 346 3136 ea,
359 3067 496 3140 pleraque
507 3067 612 3126 uostris
625 3070 753 3126 moribus
767 3080 831 3126 sunt
843 3064 979 3135 decorat,
989 3087 1050 3141 quae

154 3173 231 3250 apud
242 3174 306 3232 illos
313 3177 406 3253 turpia
416 3188 562 3253 putantur.
572 3183 665 3252 Quem
672 3181 746 3236 enim
758 3183 946 3238 Romanorum
962 3176 1049 3250 pudet

154 3301 275 3342 uxorem
285 3286 390 3344 ducere
398 3287 614 3348 inconviriumi’
625 3301 673 3346 aut
685 3291 765 3364 cujus
777 3286 1049 3346 materfamiliasnon

153 3394 278 3466 primum
289 3396 409 3455 locuntt
422 3412 498 3460 tenet
508 3397 622 3469 aedium,
636 3413 721 3476 atque
736 3401 766 3456 in
779 3397 940 3456 celebritate
953 3415 1049 3455 versa-
