2228 3892
190 327 245 380 1ϋὸ
451 307 636 358 CORNELII
655 303 822 353 lllll‘OTlS

191 409 326 464 oblivisci.
349 407 428 463 Idem
451 405 605 460 immortali
626 402 767 458 memoria
791 409 924 475 percepta
947 396 1093 463 retinebat

190 487 339 556 beneficia3
361 504 423 559 quae
441 497 536 541 autem
556 484 615 558 ipse
631 481 785 549 tribuerat,
802 478 901 534 tandiu
920 474 1093 533 meminerat

191 567 287 640 quoad
308 567 353 620 ille
365 575 461 640 gratus
474 574 533 620 erat
546 563 596 636 qui
616 571 771 635 acceperat.
790 561 889 631 Itaque
910 556 957 610 hic
971 554 1041 612 fecit
1059 565 1093 612 ut

191 646 256 702 vere
268 645 374 700 dictum
390 643 534 699 videatur:
554 641 621 714 «Sui
634 641 737 712 cuique
754 657 848 694 mores
860 633 1090 710 flagrantiam·

189 744 282 780 uam.»
302 725 401 798 Neque
420 734 513 778 umen
537 721 617 796 priris
637 719 685 774 ille
704 718 848 774 fortunam
871 714 959 789 quiam
981 730 1011 770 se
1028 713 1092 789 {pu

190 800 285 872 fiuxit3
298 802 432 879 quinovit
443 820 478 858 ne
492 802 548 874 qua
560 801 589 856 in
601 817 633 855 re
643 798 709 871 jure
720 798 905 854 plecteretur·

194 942 244 987 xtt.
271 941 362 986 Atticus
377 931 491 1000 Vipsanio
505 941 529 980 et
543 931 649 980 Antonio
659 932 735 981 solum
747 947 801 980 tuus
815 929 840 979 iu
848 913 1012 995 ‘deprecanda
1025 930 1088 979 nni-

531 1001 742 1068 oorumpotiaulis.
1007 1006 1010 1013 '

229 1128 281 1183 His
294 1126 380 1202 igitur
397 1125 483 1183 rebus
503 1124 595 1180 effecit
612 1135 648 1188 ut,
663 1126 704 1178 Μ.
717 1125 866 1198 Vipsanius
878 1126 1022 1201 Agrippa,
1037 1128 1089 1185 in-

191 1208 256 1262 tima
273 1206 460 1261 familiaritate
478 1204 647 1276 conjunctus
667 1204 837 1259 adolescenti
857 1205 967 1274 Caesari,
980 1220 1074 1280 quum

190 1298 309 1360 propter
323 1304 401 1340 suam
418 1284 535 1359 gratiam
548 1294 575 1337 et
590 1283 705 1338 Caesaris
715 1284 879 1356 potentiam,
890 1283 998 1340 nullius
1009 1302 1087 1342 cou-

190 1361 329 1420 ditiouis³⁶
341 1383 400 1418 non
411 1362 530 1417 haberet
540 1371 706 1436 potestatem
714 1401 722 1428 ,
731 1363 907 1436 potissimum
917 1364 1089 1442 ejusdilige·

190 1455 232 1499 ret
244 1441 421 1511 affinitatem,
438 1450 669 1516 praeoptaretque
682 1441 783 1514 equitis
792 1443 918 1518 llomani
932 1443 1019 1498 filiam
1036 1462 1089 1520 ge.

188 1542 320 1579 aerosum
343 1522 458 1597 nuptiis.
481 1524 575 1595 Atque
601 1521 706 1577 barum
734 1521 901 1596 nuptiarum
919 1522 1089 1582 conciliator

189 1600 241 1657 fnit
254 1602 327 1677 (non
340 1612 379 1656 est
392 1601 467 1654 enim
482 1598 646 1677 celandum)
659 1602 698 1655 M.
713 1600 863 1668 Antonius,
879 1601 1011 1657 triumvir
1025 1604 1087 1661 rei*

190 1681 310 1752 publicae
322 1679 540 1735 constituendae:
556 1679 635 1750 cujus
648 1680 736 1752 gratia
750 1698 839 1751 quum
851 1698 956 1755 augere
968 1700 1087 1756 posses-

189 1758 280 1813 siones
291 1769 384 1832 posset
397 1775 472 1822 suas,
487 1757 596 1812 tautum
611 1757 700 1812 abfuit
718 1778 734 1812 a
750 1760 903 1832 cupiditate
914 1761 1044 1833 pecuniae
1056 1775 1089 1821 ut

189 1837 267 1892 nulla
281 1837 308 1891 in
323 1855 355 1891 re
374 1855 439 1890 usus
451 1835 485 1890 sit
500 1835 545 1903 eai,
559 1835 610 1890 nisi
629 1836 656 1890 in
671 1837 855 1909 deprecandis
867 1840 1026 1896 amicorum
1039 1854 1089 1899 aut

188 1916 322 1988 periculis
340 1925 388 1970 aut
411 1913 606 1970 incommodis.
626 1917 714 1984 Quod
732 1916 847 1989 quidem
867 1918 920 1973 sub
938 1920 998 1993 ipsi
1009 1940 1087 1993 pro-

188 1994 576 2069 scriptioneperillustrefuit.
583 1995 749 2068 Numquam
757 1997 788 2050 L.
795 1997 909 2066 Saufeii,
917 1999 1085 2070 equitisRo-

188 2075 271 2138 mani,
282 2075 395 2145 aequalis
400 2073 451 2138 sui,
461 2075 510 2144 qui
519 2091 585 2127 cum
591 2091 625 2127 eo
631 2075 793 2146 complures
803 2094 901 2141 annos,
909 2077 1003 2133 studio
1011 2078 1084 2136 duc-

188 2160 232 2206 tus
245 2150 446 2224 philosophiae,
463 2149 581 2205 Athenis
596 2149 755 2219 habitabat,
769 2152 949 2228 habebatque
960 2156 992 2210 in
1004 2157 1087 2216 ltalia

189 2229 324 2303 pretiosas
337 2228 537 2303 possessiones,
551 2228 692 2284 triumviri
702 2230 777 2286 bona
789 2232 981 2290 vendidissent
995 2234 1094 2311 (con--

187 2309 334 2364 suetudine
346 2310 378 2364 el
389 2312 445 2382 qul
458 2320 518 2364 tum
530 2326 574 2363 res
585 2308 789 2387 gerebantur);
798 2312 883 2368 Attici
891 2313 991 2369 labore
999 2327 1088 2387 atque

188 2388 325 2445 industrii
340 2389 496 2445 factumest
510 2399 541 2444 ut
555 2388 655 2444 eodem
670 2391 770 2445 nuntio
784 2391 911 2448 Saufeius
925 2391 1008 2447 fieret
1018 2410 1088 2449 cer-

188 2468 242 2524 tior
256 2489 285 2525 se
298 2469 502 2543 patrimonium
513 2469 634 2525 amisisse
649 2481 675 2525 et
687 2472 876 2544 recuperasse.
889 2471 967 2526 ldem
982 2473 1013 2526 L.
1028 2474 1087 2532 Ju-

187 2546 255 2604 lium
273 2549 414 2617 Calidum,
428 2567 528 2620 quem,
541 2560 604 2622 post
615 2550 738 2604 Lucretii
747 2549 934 2624 Cntrrlliqn03⁶
942 2562 1086 2630 mortem,

187 2628 277 2681 multi>
300 2627 533 2701 elegantissimum
558 2639 672 2698 poetam
700 2640 827 2684 nostram
853 2631 947 2687 tulisse
973 2642 1085 2692 aetatem

187 2707 252 2761 vere
267 2706 366 2761 videor
385 2725 467 2779 posse
485 2704 672 2771 contendere,
684 2724 782 2776 'neque
802 2708 895 2763 minius
912 2710 1007 2764 virum
1020 2711 1083 2767 bo-

186 2805 255 2840 num
271 2784 441 2858 optimisque
460 2784 567 2841 artibus
582 2784 742 2852 eruditum,
760 2796 823 2859 post
837 2787 1084 2859 proscriptionem

186 2865 327 2938 equitum,
342 2874 462 2938 propter
475 2883 588 2937 magnas
602 2864 663 2937 ejus
679 2863 823 2921 Africanas
835 2865 1038 2938 possessiones,
1051 2870 1085 2926 iu

186 2944 412 3017 proscriptorum
433 2960 585 2998 numerum
606 2964 622 2998 a
643 2947 672 3000 P.
687 2944 859 3015 Volumnio,
880 2944 1014 3020 praefecto
1036 2945 1084 3003 fa-

186 3020 578 3090 brbm³7hntonii,absentem
586 3023 715 3091 relatum,
725 3024 873 3099 expedivit.
881 3022 1084 3098 Quodinprae-

184 3102 280 3158 senu³⁸
299 3103 392 3157 utrina
407 3103 432 3157 ei
443 3101 612 3158 laboriosius
627 3120 663 3155 an
683 3103 834 3175 gloriosius
850 3104 950 3174 luerit,
965 3103 1083 3164 difficile

185 3179 236 3236 luit
245 3180 480 3256 judicare:·quod
493 3183 522 3236 ia
534 3198 634 3237 eorum
644 3181 776 3255 periculis
791 3200 849 3237 non
863 3190 941 3239 secus
953 3183 1084 3243 absentes

185 3259 268 3334 qu'am
281 3271 433 3339 praesentes
448 3262 552 3317 amicos
565 3263 656 3318 Attico
671 3279 728 3318 esse
741 3277 817 3320 curae
829 3263 976 3340 cognitum
990 3273 1037 3322 est.
