2228 3892
208 290 256 339 too
469 283 654 344 conuenit
672 282 837 332 unrorm

270 440 314 485 ttt.
335 435 425 484 Atticus
438 450 493 498 erga
507 433 664 484 Athenienses
678 433 795 495 liberalis,
807 434 838 484 ab
850 434 877 483 iis
890 433 1031 486 honoratus.

244 581 300 636 Hic
318 579 357 634 ita
376 578 446 634 vixit
466 589 497 634 ut
512 579 651 634 universis
674 578 894 634 Atheniensibus
911 578 1015 634 meriti)
1034 567 1109 638 esset

204 658 377 715 carissimus:
389 678 472 729 nam,
486 657 736 733 praeter·gratiam⁵
748 658 878 731 quaejam
891 657 1108 716 adolescentulo

205 756 308 812 magua
322 749 383 793 erat
391 779 401 805 ,
418 757 490 812 saepe
504 738 560 792 suis
580 737 683 812 opibus
700 736 826 811 inopiam
845 755 946 791 eorum
959 736 1109 811 publicam

203 817 316 872 levavit.
332 819 428 886 Quum
442 817 517 871 euim
529 835 677 873 versuram
688 813 794 871 sacere⁶
807 814 920 890 publice
931 833 1042 871 necesse
1060 836 1108 874 es-

202 905 257 963 set,
271 913 365 969 neque
380 897 440 967 ejus
456 895 650 950 conditionem
664 913 772 968 aequam
786 894 938 972 haberent,
951 912 1064 970 semper
1077 915 1107 953 se

204 973 391 1049 interposuit,
412 986 497 1047 atque
519 974 556 1029 ita
570 984 603 1028 ut
620 993 715 1047 neque
733 992 850 1030 usuram
873 992 1001 1047 unquam
1020 973 1058 1028 ab
1073 974 1107 1032 iis

203 1055 357 1127 acceperit,
369 1073 462 1127 neque
474 1052 601 1128 longius,
619 1053 707 1127 quiem
718 1053 825 1108 dictum
838 1063 923 1120 esset,
937 1071 986 1108 eos
998 1052 1107 1112 debere

203 1153 300 1207 passus
314 1134 356 1188 sit.
375 1133 460 1203 Quod
475 1145 631 1205 utrumque
650 1143 712 1188 erat
728 1133 761 1188 iis
777 1132 913 1187 salutare:
926 1150 993 1185 nam
1009 1149 1107 1206 neque

201 1211 392 1285 indulgendo⁷
406 1213 611 1268 inveterascere
627 1231 729 1268 eorum
746 1230 781 1267 aes
793 1210 917 1267 alienum
928 1209 1106 1285 patiebatur,

203 1308 297 1363 neque
309 1292 528 1363 multiplicandis
545 1292 638 1347 usuris
655 1309 789 1348 crescere.
807 1289 895 1345 Auxit
906 1289 963 1345 hoc
975 1287 1106 1346 officium

203 1368 257 1424 atta
271 1369 577 1441 quoqueliberalitate:
589 1389 656 1425 nam
666 1371 813 1426 universos
822 1370 967 1425 frumento
975 1369 1105 1438 donavit,

203 1447 241 1502 ita
256 1459 289 1504 ut
304 1448 420 1522 siugulis
439 1459 545 1523 septem
560 1449 650 1505 modii
662 1449 748 1505 tritici
767 1448 920 1517 darentur3
933 1447 983 1523 qni
999 1448 1106 1505 modus

202 1537 342 1584 mens'urae
356 1529 532 1583 medimnus⁸
541 1527 659 1584 Athenis
673 1527 841 1604 appellatur.
851 1528 904 1582 Hie
918 1538 1013 1582 autem
1023 1527 1064 1583 sic
1075 1545 1107 1585 se

202 1608 319 1680 gerebat
331 1619 363 1661 ut
375 1607 533 1663 communis
545 1606 663 1676 infimis,
684 1627 737 1687 par
756 1606 932 1682 principibus
945 1605 1106 1663 videretur.

203 1686 269 1753 Quo
281 1685 385 1740 iachim
398 1697 438 1741 est
449 1698 481 1740 ut
491 1686 559 1740 huic
572 1705 670 1742 omnes
678 1687 815 1755 honores,
828 1705 900 1759 quos
909 1695 1033 1761 possent,
1045 1705 1108 1760 pu÷

202 1761 275 1819 blice
292 1763 447 1831 haherent,
468 1763 615 1837 civemque
632 1764 725 1820 facere
741 1765 895 1820 studerent.
914 1767 979 1834 Quo
990 1763 1106 1822 benefl-

202 1843 247 1898 cio
259 1843 307 1898 ille
320 1843 360 1897 nti
373 1843 478 1911 noluit,
491 1844 571 1917 quod
583 1843 717 1901 nonnulli
728 1844 766 1899 ita
778 1843 1004 1918 interpretantur
1013 1843 1106 1901 amitti

203 1922 343 1978 civitatem
355 1924 530 1992 Romanam,
544 1923 597 1980 aliia
611 1923 724 1980 adsciti.
739 1923 873 1994 Quandiu
888 1923 981 1990 affuit,
994 1940 1031 1977 ne
1045 1941 1103 1997 qur

203 2001 255 2055 sibi
268 2013 356 2056 statua
369 2015 539 2074 poneretur,
555 2005 670 2072 restitit3
688 2004 787 2059 absens
801 2002 957 2077 prohibere
972 2019 1032 2056 non
1045 2019 1105 2076 po-

207 2078 265 2134 tuit.
279 2080 378 2149 ltaque
399 2080 508 2151 aliquot
519 2080 573 2153 ipsi
584 2092 612 2134 et
629 2079 708 2134 fitiae⁹
726 2082 796 2137 locis
806 2080 982 2138 sanctissimis
992 2091 1105 2156 posue·

204 2169 287 2213 runt:
301 2157 380 2211 huuc
399 2158 518 2213 enimin
536 2158 615 2214 omni
632 2158 836 2233 procuratione
852 2159 1016 2233 reipublicae
1033 2178 1107 2217 auc·

204 2245 297 2292 torem
308 2247 491 2311 actoremque
502 2237 653 2294 habebant.
667 2237 758 2312 Igitur
771 2237 897 2312 primum
913 2238 985 2293 illud
997 2257 1107 2298 munus

202 2314 342 2384 fortunae,
358 2318 437 2390 qubd
456 2317 485 2373 iu
505 2317 537 2373 eh
555 2316 732 2391 potissimum
745 2318 818 2374 urbe
838 2329 921 2374 natus
939 2318 1028 2373 estin
1045 2321 1107 2392 qud

203 2395 379 2452 domicilium
399 2397 476 2453 orbis
494 2409 640 2454 terrarum
658 2407 728 2454 esset
746 2397 871 2471 imperii,
886 2408 918 2452 ut
931 2397 1062 2452 eamdem
1075 2409 1108 2454 et

204 2478 323 2551 patriam
345 2476 464 2531 haberet
483 2488 511 2532 et
530 2478 662 2545 domum;
681 2476 739 2532 hoc
757 2475 899 2550 specimen
926 2473 1107 2549 prudentiae,

204 2556 298 2624 quod,
311 2573 401 2626 quum
411 2555 439 2607 in
454 2573 515 2608 eam
529 2557 668 2612 civitatem
679 2575 708 2613 se
721 2554 884 2612 contulisset
896 2573 959 2628 quae
973 2553 1105 2628 antiqui-

204 2640 274 2698 tate,
285 2633 474 2703 humanitate,
497 2633 629 2688 doctrinh
646 2646 794 2707 praestaret
810 2632 949 2703 omnes¹⁰‚
963 2632 990 2689 ei
1000 2631 1107 2690 ιιιιιιε»10

204 2720 269 2764 ante
283 2710 352 2764 alios
363 2711 451 2767 fuerit
462 2711 628 2768 carissimus.

355 2859 398 2906 tv.
418 2857 523 2917 Attiou,
538 2858 609 2906 salle
618 2871 700 2916 mrsu,
712 2859 812 2905 Romam
824 2853 943 2919 remigrat.

241 2999 305 3054 Huc
321 3014 356 3050 ex
368 2994 434 3051 Asia
446 2994 523 3051 Sulla
535 2994 673 3050 decedens
685 3014 775 3068 quum
784 2990 912 3064 venisset,
925 2990 1054 3069 quandiu
1063 2995 1107 3054 ibi

205 3075 270 3144 luit,
282 3093 377 3132 secum
389 3075 492 3130 habuit
501 3074 705 3147 Pomponium,
715 3073 1105 3149 captusadolescentieetbu·

205 3154 339 3210 manitate
350 3154 523 3210 etdoctrinh.
535 3154 582 3211 Sic
590 3152 664 3209 enim
673 3154 770 3209 Graect
782 3154 957 3227 loquebatur
967 3164 999 3208 ut
1011 3153 1105 3212 Athe-

203 3232 247 3286 nis
260 3244 343 3290 natus
356 3233 520 3303 videretur3
534 3244 610 3289 tanta
634 3243 728 3288 autem
748 3235 868 3289 suavitas
887 3243 949 3289 erat
964 3233 1106 3290 sermonis

201 3309 294 3369 Latini
318 3325 351 3369 ut
372 3323 524 3388 appareret
542 3313 571 3367 in
593 3331 628 3369 eo
647 3312 775 3369 nativum
800 3313 953 3386 quemdam
974 3313 1105 3387 leporem

206 3402 274 3458 esse,
281 3408 344 3447 non
358 3394 504 3450 adscitum.
515 3393 595 3450 Idem
605 3403 736 3464 poemata
747 3392 954 3465 pronuntiabat
962 3392 990 3449 et
1003 3392 1104 3450 creet
