2228 3892
110 365 146 416 80
389 361 555 415 CORNELII
572 360 721 414 NEPOTIS

110 470 156 527 dri
172 469 349 544 praelectum,
364 465 488 524 insidiari
509 469 600 524 Piraeo
613 468 830 525 Atheniensium
844 489 859 523 a
872 469 1011 549 Dercyllo

109 559 294 614 moueretur,
308 549 441 620 idemque
465 549 624 622 postularet
641 559 673 602 ut
692 548 860 621 provideret
878 567 915 604 ne
927 569 1012 607 com·

109 628 246 682 meatibus
262 627 357 683 civitas
369 626 550 701 privaretur,
565 627 630 695 hic,
643 628 776 683 audiente
788 627 913 702 populo,
928 629 1012 686 Pho-

108 707 173 761 cion
186 707 300 781 negavit
312 725 369 762 esse
380 705 556 779 periculum,
576 724 661 779 seque
675 706 735 778 ejus
747 706 790 762 rei
805 706 935 762 obsidem
945 707 1012 767 fore

20 786 23 791 ’
108 785 251 858 pollicitus
273 798 320 840 est.
340 787 440 859 Neque
458 787 495 841 ita
516 786 607 857 multo
625 786 703 858 post,
716 786 844 840 Nicanor
859 785 953 842 Piraeo
967 801 1012 845 est

108 865 222 938 potitus.
232 866 277 920 Ad
284 884 370 937 quem
382 867 621 938 recuperandum.
629 865 688 919 siue
696 883 754 937 quo
760 865 879 920 Athenae
887 867 1010 923 omniuo

107 961 166 999 esse
181 963 238 998 non
255 955 388 1018 possunt,
402 963 491 1015 quum
509 943 634 1017 populus
656 955 780 999 armatus
793 944 987 1001 concurrisset
1000 987 1009 1016 ,

108 1021 154 1079 ille
167 1042 226 1078 non
239 1023 327 1078 modo
340 1023 482 1078 neminem
492 1023 527 1078 ad
540 1041 620 1077 arma
637 1023 763 1093 vocavit,
776 1024 825 1079 sed
843 1042 880 1078 ne
891 1025 1011 1081 armatis

107 1103 223 1175 quidem
233 1121 351 1177 praeesse
365 1102 464 1158 voluit.

124 1250 170 1296 111.
192 1246 297 1295 Phocion
309 1247 391 1297 exsilio
403 1249 542 1305 mulctatur,
557 1256 581 1296 et
594 1263 686 1296 causam
699 1246 757 1297 dicit
766 1247 830 1315 apud
839 1247 988 1317 Philippum.

144 1382 245 1437 Enaur
257 1400 292 1436 eo
307 1393 437 1456 tempore
449 1381 568 1438 Athenis
579 1382 802 1439 duaefactiones:
815 1403 939 1458 quarum
948 1404 1008 1444 una

106 1461 208 1538 populi
231 1480 343 1517 causam
360 1462 475 1537 agebat,
499 1462 588 1517 altera
610 1462 785 1536 optimatum.
808 1465 843 1518 In
864 1464 918 1520 hac
945 1476 1010 1523 erat

103 1546 231 1606 Phocion
241 1559 270 1604 et
282 1545 445 1604 Demetrius
457 1545 636 1606 Phalereusl.
649 1549 759 1603 Harum
772 1556 894 1620 utraque
905 1549 1007 1605 Mace·

103 1625 211 1682 donum
229 1625 395 1703 patrociniis
411 1624 557 1682 nitebatur
573 1647 579 1680 :
596 1645 662 1683 nam
677 1625 830 1702 populares
845 1624 1007 1702 Polysper-

103 1703 212 1762 chonti⁶
222 1703 525 1779 favebant,0ptimates
534 1723 598 1760 cum
607 1701 944 1765 Cassandrosentiebaut.
954 1704 1007 1766 In·

103 1783 186 1842 terinr
202 1802 219 1839 a
231 1782 472 1862 Polysperchonte
483 1782 641 1842 Cassander
654 1783 822 1840 Macedonia
835 1781 934 1859 pulsus
946 1796 1004 1848 est.

104 1866 169 1938 Quo
188 1864 262 1921 sacto
280 1863 405 1942 populus
418 1863 550 1945 superior
563 1861 666 1934 factus,
680 1863 775 1920 statim
789 1861 876 1919 duces
890 1861 1007 1920 adver-

103 1945 187 2002 sariae
207 1944 346 2019 factionis,
368 1945 467 2022 capitis
489 1944 647 2017 damnatos,
670 1943 762 2020 patria
776 1940 897 2018 pepulit,
914 1940 944 1997 in
957 1941 1006 2000 his

102 2023 278 2080 Phocionem
294 2036 323 2079 et
339 2025 515 2078 Demetrium
529 2023 700 2078 Phalereum
709 2042 717 2097 ;
735 2022 828 2094 deque.
839 2023 873 2077 ei
883 2039 915 2076 re
923 2019 1007 2096 lega·

104 2113 147 2153 tos
159 2100 196 2152 ad
208 2098 481 2169 Polysperchoutem
492 2096 582 2164 misit,
597 2097 647 2166 qui
660 2097 696 2149 ab
713 2113 747 2150 eo
761 2107 891 2168 peterent
907 2106 940 2148 ut
952 2115 1008 2155 sua

103 2177 216 2232 decreta
228 2173 421 2228 confirmaret.
445 2173 508 2226 Huc
528 2171 629 2226 eodem
643 2170 788 2244 profectus
803 2181 844 2225 est
861 2170 1005 2234 Phocion.

102 2256 171 2325 Quo
184 2265 215 2307 ut
226 2251 316 2319 venit,
329 2268 441 2304 causam
453 2249 531 2322 apud
548 2247 726 2324 Philippum⁷
741 2268 838 2324 regem
849 2250 954 2320 verbo,
969 2272 1006 2312 re

103 2337 165 2408 ipsa
184 2330 301 2402 quidem
318 2330 395 2403 apud
411 2328 699 2403 Polysperchoutem,
714 2328 808 2401 jussus
832 2341 872 2385 est
889 2329 1003 2390 diceret

111 2420 226 2483 tamque
247 2408 270 2464 is
284 2419 344 2464 tum
356 2408 429 2484 regis
445 2409 531 2465 rebus
549 2419 678 2484 praeerat.
696 2409 750 2464 Hic
774 2409 810 2462 ab
830 2409 1004 2482 Agnonidet

103 2499 247 2544 accusatus
259 2489 339 2561 quod
351 2490 472 2544 Piraeum
490 2488 627 2544 Nicanori
636 2487 825 2563 prodidisset,
840 2506 875 2542 ex
890 2488 1004 2546 consilii

102 2568 241 2623 sententia
262 2566 292 2622 in
309 2567 467 2622 custodiam
479 2568 638 2639 conjectus,
654 2568 781 2625 Athenas
797 2567 935 2624 deductus
947 2579 1003 2638 est,

106 2656 137 2701 ut
147 2645 187 2701 ibi
199 2647 235 2702 de
247 2666 281 2702 eo
294 2647 404 2722 legibus
416 2644 498 2703 fieret
507 2645 657 2718 judicium.

58 2860 63 2866 .
94 2816 98 2837 ι
139 2794 185 2844 Ν.
198 2790 303 2843 Phocion
317 2793 454 2860 damnatus,
476 2800 500 2843 et
521 2790 552 2841 ad
562 2788 709 2873 ⁸supplicium
725 2788 809 2852 datus,
826 2785 965 2858 sepelitur·

506 2877 589 2914 servu.

143 3000 206 3058 lluc
217 3002 269 3058 ubi
281 3010 452 3077 perventum
458 3011 512 3068 est,
525 3019 614 3073 quum
626 3010 746 3073 propter
759 3008 867 3054 aetatem
880 2992 985 3072 pedibu

99 3089 160 3156 jam
172 3101 232 3138 nou
244 3083 363 3150 valeret,
375 3080 564 3152 vehiculoque
576 3088 755 3152 portaretur,
765 3077 861 3152 magni
873 3093 1001 3131 concur·

104 3183 151 3220 sus
163 3173 228 3219 sunt
237 3160 316 3216 facti:
327 3180 415 3235 quum
426 3158 486 3227 alii,
500 3157 710 3214 reminiscentes
716 3157 819 3211 veteris
830 3156 923 3224 famae,
937 3165 1001 3210 aeta-

104 3242 138 3295 tis
150 3243 353 3297 misererentur
364 3259 372 3309 ;
384 3239 501 3314 plurimi
514 3256 584 3293 vero
596 3237 640 3292 ira
651 3247 866 3303 exacuerentur,
879 3244 1001 3308 propter

104 3320 276 3392 proditionis
287 3319 475 3396 suspicionem
486 3317 571 3372 Piraei
582 3354 590 3383 ,
613 3314 791 3387 maximeque
804 3315 884 3386 quod
895 3314 1000 3370 adver-

107 3402 154 3458 sus
167 3398 267 3476 populi
283 3396 434 3457 commoda
447 3396 477 3454 iu
491 3407 635 3453 senectute
649 3407 774 3455 steterat.
792 3399 856 3470 Qua
867 3395 903 3453 de
917 3415 949 3453 re
963 3416 1002 3456 ne

106 3477 261 3555 perorandi
269 3478 385 3553 quidem
395 3477 422 3535 ei
436 3475 502 3534 data
515 3487 557 3534 est
568 3475 687 3534 facultas
700 3488 728 3534 et
742 3475 854 3534 dicendi
871 3493 998 3537 causam.
