2228 3892
382 306 418 352 u.
434 303 604 353 roscius
622 305 729 351 caro
838 364 840 367 ¹
969 301 1005 354 ss

118 449 233 476 0000ssss
237 450 262 488 θ’.
267 447 648 473 ΝΜΜΜΜΟΟΜΘΟΟΟΜΜΟΟΜ
652 446 1004 472 uuumuonwmuom

301 554 347 622 M.
377 551 612 622 PORClUS
646 551 792 620 CATO.

236 744 272 778 Εἴ(
293 741 377 777 launo
398 741 571 780 Posrsntonn
592 739 728 777 CORNELII
749 738 875 776 NEPOTIS.

102 871 171 918 Gir..
187 872 207 915 1.
229 869 287 937 Cato
304 865 454 925 adolescens,
473 865 558 926 miles,
573 875 689 931 quaestor,
710 865 795 925 aedilis,
814 875 916 931 pretor,
932 866 1005 916 Ennii

431 941 532 986 Romam
544 946 673 1003 promotor.

146 1070 227 1126 Caro
235 1111 243 1140 ,
275 1080 356 1125 ortus
384 1067 558 1143 municipio1
586 1069 730 1137 Tusculo,
759 1068 985 1125 adolescentulus
993 1110 1002 1137 ‚

105 1149 272 1226 priusquam
283 1149 445 1203 honoribus
458 1167 576 1221 operam
590 1147 684 1216 daret,
703 1157 830 1203 versatus
844 1159 884 1203 est
906 1149 935 1202 in
952 1150 1005 1206 Sa-

105 1229 191 1298 binis,
205 1227 286 1301 qubd
297 1227 336 1280 ibi
349 1227 507 1281 haeredium
521 1246 537 1280 a
548 1238 629 1300 patre
639 1226 770 1280 relictum
781 1225 912 1282 habebat.
925 1228 1004 1284 Hor-

105 1318 166 1364 tatu
177 1309 208 1361 L.
221 1304 329 1360 Valerii
340 1305 448 1372 Flacci,
462 1323 548 1376 quem
561 1305 590 1359 in
602 1305 752 1360 consulatu
763 1307 940 1379 censumque
950 1307 1003 1363 ha-

105 1385 169 1441 buit
179 1384 317 1458 collegam
328 1384 337 1460 (
348 1394 381 1439 ut
393 1386 433 1438 M.
449 1387 597 1458 Perpenna
608 1385 760 1440 Censorius
772 1404 891 1440 narrare
905 1386 1004 1443 solitus

104 1462 170 1540 est),
182 1466 305 1519 Romam
314 1463 497 1538 demigravit,
510 1464 540 1517 iu
549 1464 672 1537 foroque
686 1481 743 1518 esse
755 1464 862 1537 coepit2.
875 1465 1003 1520 Primum

103 1543 276 1618 stipendium
288 1543 393 1597 meruit
407 1561 550 1597 annorum
562 1543 660 1598 decem
671 1554 852 1615 septemque,
866 1545 901 1612 Q.
914 1543 1002 1599 Fabio
1027 1540 1028 1543 '

104 1622 245 1691 Maximo,
257 1624 297 1677 M.
314 1622 434 1677 Claudio
444 1621 584 1677 Marcello
596 1641 665 1677 coss.
677 1642 684 1677 :
697 1621 830 1677 tribunus
841 1621 963 1677 militum
973 1623 1003 1677 in

104 1701 199 1758 Sicilia
215 1700 276 1756 luit.
290 1703 361 1757 Inde
375 1711 407 1756 ut
420 1702 519 1770 rediit,
533 1713 623 1757 castra
637 1712 747 1757 secutus
770 1712 811 1756 est
830 1702 860 1756 C.
879 1701 1003 1757 Claudii³

105 1780 243 1849 Neronis,
265 1781 419 1856 magnique
440 1781 500 1853 ejus
521 1799 610 1854 opera
630 1781 783 1857 existimata
796 1790 838 1836 est
856 1780 886 1834 in
904 1781 1004 1854 praelio

104 1859 182 1934 apud
205 1862 323 1927 Senam,
344 1879 407 1932 quo
424 1861 524 1916 cecidit
548 1861 709 1926 Asdrubal,
734 1859 822 1914 frater
845 1859 1003 1915 Annibalis.

105 1940 238 2008 Quaestor
250 1938 350 2011 obtigit
365 1941 394 1992 P.
411 1937 547 1992 Cornelio
568 1938 695 2011 Scipioni
708 1937 863 2003 Africano,
876 1937 1005 2007 consuli;

105 2035 170 2072 cum
185 2034 245 2088 qno
256 2036 317 2072 non
333 2035 389 2090 pro
402 2016 485 2071 sortis
500 2014 716 2071 necessitudine⁴
732 2015 816 2071 vixit:
832 2034 955 2089 namque
968 2017 1004 2072 ab

105 2113 140 2151 co
156 2096 296 2169 perpetua
313 2095 441 2150 dissensit
461 2095 527 2151 vita.
551 2096 650 2151 AEdilis
668 2095 761 2169 plebis
775 2095 863 2150 lactus
879 2106 919 2150 est
938 2114 1003 2152 cum

105 2173 137 2230 C.
150 2174 261 2230 Helvio.
269 2178 379 2230 Praetor
392 2175 571 2249 provinciam
583 2175 706 2230 obtinuit
715 2174 892 2242 Sardiniam,
903 2193 938 2230 ex
946 2179 1003 2248 qua

104 2263 229 2327 quaestor
241 2255 391 2328 superiore
403 2264 533 2327 tempore
551 2272 587 2309 ex
602 2254 697 2309 Africa
716 2254 870 2318 decedens,
890 2254 925 2321 Q.
939 2254 1004 2308 En·

105 2331 200 2386 uium⁵
211 2344 326 2406 poetam
339 2333 509 2388 deduxerat:
522 2334 602 2406 quod
612 2353 672 2388 non
683 2332 803 2388 minoris
815 2330 1003 2388 existimamus

107 2410 194 2484 qoam
208 2411 365 2485 quemlibet
376 2412 579 2487 amplissimum
592 2412 803 2468 Sardiniensem
815 2409 1003 2483 trimnphum.

153 2556 187 2601 11.
208 2551 270 2604 Cato
280 2556 361 2604 consul
373 2554 511 2622 Hispaniam
529 2554 625 2605 sortitus
638 2563 680 2606 est.
694 2553 798 2617 Censor,
812 2551 946 2605 iuirnicitias

385 2625 520 2692 reipublicae
533 2628 602 2677 causa
612 2627 722 2693 suscepit.

147 2760 340 2818 Cousnmrurs
352 2761 433 2836 gessit
445 2781 510 2816 cum
522 2764 555 2816 L.
569 2762 686 2817 Valerio
697 2760 816 2830 Flacco,
834 2772 911 2819 sorte
928 2783 1003 2839 pro-

107 2841 229 2897 vinciam
246 2853 344 2896 nactus
359 2841 524 2914 Hispaniam
542 2841 717 2908 citeriorem,
739 2859 830 2914 exque
853 2842 885 2897 el
900 2843 1005 2899 trium-

106 2919 198 2994 phum
210 2920 380 2993 deportavit.
395 2920 438 2974 Ibi
451 2939 539 2992 quum
552 2920 657 2976 diutius
669 2933 848 2990 moraretur,
865 2924 895 2976 Ρ.
909 2922 1002 2998 Scipio

106 2999 258 3055 Africanus
272 2999 373 3054 consul
385 2999 503 3066 iterum,
517 2999 596 3071 cujus
608 3000 638 3055 in
650 3001 749 3074 priore
761 2999 910 3055 consulatu
924 3019 1004 3074 quae-

105 3086 167 3132 stor
180 3076 285 3144 fuerat,
300 3078 390 3132 voluit
409 3097 474 3133 eum
486 3079 521 3134 do
535 3080 683 3152 provincia
696 3078 853 3152 depellere,
867 3080 965 3154 etipse
979 3084 1005 3138 ei

105 3154 265 3211 succedere.
278 3158 377 3230 Neque
391 3157 448 3214 hoc
460 3177 512 3232 per
529 3170 656 3214 senatum
668 3156 780 3214 efficere
791 3158 885 3231 potuit
897 3157 907 3235 (
914 3177 1004 3231 quum

105 3235 222 3308 quidem
239 3237 333 3310 Scipio
352 3238 382 3292 in
404 3238 515 3293 civitate
535 3236 728 3311 principatum
746 3234 912 3312 obtineret),
924 3240 1003 3312 qndd

106 3325 167 3368 tum
183 3332 243 3369 uon
261 3317 402 3389 potentia,
421 3316 544 3388 sedjure
567 3316 726 3390 respublica
745 3315 1002 3377 administrabatur.

106 3394 170 3464 Qud
184 3411 219 3450 ex
233 3411 264 3450 re
283 3394 371 3451 iratus
387 3395 510 3464 senatui,
529 3394 677 3452 consulatu
688 3404 821 3471 peracto,
835 3395 962 3516 privatqs
973 3401 1002 3456 in
