2228 3892
328 273 358 320 Τ.
378 271 601 320 POMPONIUS
619 272 786 320 urricus.
954 276 1006 324 ttae

106 385 172 425 cnm
183 365 327 441 praecipue
335 366 434 422 dilexit
445 366 559 434 Cicero,
567 377 600 422 ut
611 386 647 423 ne
658 367 747 422 frater
756 366 872 440 quidem
884 366 911 422 ei
917 368 1003 437 Quin*

107 458 151 503 tus
163 446 258 502 carior
271 445 357 501 luerit
368 457 417 500 aut
429 444 604 502 familiarior.
618 446 653 500 Ei
663 445 707 501 rei
715 457 781 501 sunt
793 444 898 502 indicio
908 485 917 514 ,
928 463 1006 521 prae·

107 536 150 580 ter
164 543 213 581 eos
223 524 311 580 libros
323 523 466 597 inquibus
477 525 513 580 de
525 543 559 579 eo
569 524 635 579 facit
644 524 833 581 mentionem.
846 524 933 598 quiin
944 527 1006 581 vul·

105 621 159 678 gns
171 603 230 675 jam
248 615 314 659 sunt
333 602 414 670 editi,
435 603 576 659 sexdecim
591 603 737 658 volumina
752 603 951 676 epistolarum,
970 604 1007 660 ab

106 683 255 749 consulatu
269 682 329 754 ejus
342 700 432 754 usque
446 682 483 736 ad
499 693 658 737 extremum
680 693 807 755 tempus,
827 682 865 736 ad
882 683 1007 740 Atticum

105 761 262 817 missarum.
277 762 346 829 Quae
361 761 411 832 qui
424 760 515 834 legat,
534 778 594 815 non
610 761 732 816 multirm
751 760 893 817 desideret
912 762 1005 819 histo-

106 840 177 899 riam
199 849 360 894 contextam
377 838 495 895 illorum
513 850 696 913 temporum:
710 839 748 895 sic
768 839 845 894 enim
861 841 956 896 omnia
971 841 1007 897 de

105 917 203 974 studiis
215 917 393 992 principum,
411 918 485 974 vitiis
496 918 616 987 ducum,
626 918 830 981 mutationibus
843 918 1007 1009 reipublicae

105 997 261 1071 perscripta
274 1007 340 1052 sunt
355 1008 387 1052 ut
400 997 491 1052 nihil
484 1017 513 1053 ιιι
525 998 559 1054 iis
572 1017 632 1054 non
648 1008 800 1070 appareat;
812 1009 840 1051 et
856 997 937 1053 facile
950 998 1005 1051 exi·

105 1075 211 1131 stnnarr
217 1076 304 1150 possit
310 1076 491 1150 prudentiam
497 1077 623 1149 quodam
631 1078 720 1132 modo
727 1093 785 1130 esse
792 1074 1005 1130 drvmatronem

105 1156 171 1210 Non
190 1150 265 1210 enim
285 1155 383 1210 Cicero
400 1173 432 1209 ea
444 1155 553 1222 solium,
566 1173 629 1227 quae
641 1155 706 1209 vivo
719 1172 748 1209 se
760 1141 939 1222 acciderunt,
958 1154 1006 1209 fu·

106 1244 169 1288 tura
186 1232 333 1307 praedixit,
346 1233 504 1301 sedetiam,
518 1251 670 1306 quaenunc
689 1252 744 1289 usu
757 1232 888 1302 veniunt,
907 1232 1007 1289 cecinit
1025 1261 1027 1263 ·

106 1323 135 1366 ut
148 1323 233 1367 vates.

353 1447 433 1492 xvn.
453 1443 546 1494 Atticus
560 1443 613 1511 pius
627 1454 651 1494 et
664 1445 756 1494 doctus.

143 1590 189 1642 Da
214 1587 317 1661 pietate
343 1598 438 1643 autem
459 1587 544 1644 Attici
567 1587 637 1661 quid
662 1589 748 1662 plura
768 1604 1005 1656 commemorem,

104 1685 193 1740 quum
205 1667 261 1722 hoc
273 1666 366 1740 ipsum
377 1667 445 1723 vere
457 1667 628 1741 gloriantem
640 1667 779 1723 audierim
793 1667 823 1722 in
834 1666 935 1721 funere
947 1684 1006 1721 ma·

104 1745 154 1802 tris
172 1765 244 1814 suae,
265 1763 351 1819 quam
367 1746 467 1801 extulit
486 1765 630 1801 annorum
642 1747 814 1821 nonaginta,
833 1765 924 1818 quum
937 1754 1007 1801 esset

104 1835 208 1898 septem
224 1836 252 1879 et
264 1826 418 1899 sexaginta,
436 1843 466 1880 se
484 1844 632 1898 nunquam
651 1845 717 1881 cum
734 1836 824 1880 matre
840 1824 870 1878 in
887 1824 1006 1897 gratiam

104 1904 233 1970 rediisse,
250 1921 398 1976 nunquam
411 1921 477 1957 cum
494 1921 595 1958 sorore
610 1903 693 1958 fuisse
705 1903 899 1969 insimultate,
920 1920 1006 1978 quam

104 1986 195 2056 prope
203 1981 340 2054 aequalem
348 1979 488 2035 habebat?
500 1980 579 2054 quod
591 1980 749 2056 estsignum
762 1992 811 2037 aut
822 1981 931 2036 nullam
948 2000 1006 2036 un-

105 2079 190 2136 quam
209 2060 284 2114 inter
304 2079 352 2115 eos
368 2059 576 2133 querimoniam
594 2060 791 2128 intercessisse,
813 2072 862 2115 aut
876 2059 954 2115 hunc
973 2061 1006 2116 et

105 2139 186 2195 tuisse
198 2139 228 2193 in
240 2158 306 2195 suos
323 2139 499 2213 indulgentia
517 2149 562 2207 ut,
579 2158 648 2213 quas
661 2159 758 2195 amare
770 2139 900 2207 deberet,
924 2138 1007 2195 irasci

105 2217 143 2274 eis
156 2217 233 2274 nefas
244 2219 368 2274 duceret.
380 2219 481 2291 Neque
492 2218 522 2273 id
534 2217 597 2273 fecit
608 2220 708 2274 natura
720 2219 814 2274 solinn
826 2215 1006 2294 (quanquam

106 2316 204 2352 omnes
219 2296 245 2351 ei
261 2294 422 2374 paremus),
438 2297 489 2351 sed
505 2296 588 2351 etiam
604 2297 743 2352 doctrina.
758 2299 832 2351 Nam
852 2306 880 2350 et
895 2296 1005 2369 prinei·

105 2394 174 2450 pum
193 2375 435 2450 philosophorum
458 2375 496 2429 ita
512 2387 647 2450 percepta
667 2375 767 2429 habuit
778 2383 918 2448 praecepta
929 2385 962 2429 ut
973 2372 1009 2428 ,ts

106 2454 141 2521 ad
153 2455 240 2509 vitam
252 2455 405 2530 agendam,
417 2472 478 2509 non
491 2454 527 2509 ad
546 2454 764 2510 ostentationem
776 2463 914 2508 uteretur.

166 2597 261 2642 xv111.
281 2593 373 2642 Atticus
386 2591 474 2658 peritus
487 2590 650 2658 antiquitatis,
664 2590 820 2657 genealogie,
832 2589 943 2657 poetices.

144 2729 241 2786 Monts
253 2729 337 2785 etiam
343 2729 484 2802 majorum
496 2749 622 2786 summus
634 2731 762 2786 imitator
771 2730 838 2801 suit,
849 2730 1004 2804 antiquita·

105 2807 195 2882 tisque
207 2821 333 2866 amator:
350 2829 436 2882 quam
456 2810 528 2865 adei)
541 2809 693 2884 diligenter
704 2810 803 2865 habuit
814 2811 956 2884 cognitam
972 2818 1005 2866 ut

105 2906 166 2944 enm
176 2899 264 2944 totam
273 2889 303 2943 in
312 2907 347 2943 eo
354 2885 527 2944 volumine⁴⁹
536 2901 698 2963 exposuerit
703 2908 761 2962 quo
769 2889 946 2963 magistratus
957 2905 1005 2942 ora¹

105 2965 247 3023 dinavtttt
260 2968 346 3024 Nulla
358 2968 433 3023 enim
442 2968 502 3036 lex,
516 2986 610 3041 neque
621 2987 692 3043 pax,
707 2987 803 3042 neque
814 2967 938 3034 bellum,
950 2985 1005 3022 ne-

105 3064 161 3119 que
171 3065 217 3102 res
231 3047 346 3102 illustris
363 3057 404 3103 cst
420 3047 522 3123 populi
532 3048 672 3117 Romani,
694 3067 757 3121 quae
768 3065 829 3101 non
845 3045 874 3100 in
887 3064 937 3114 eo,
951 3063 1004 3101 suo

105 3136 247 3199 tempore,
259 3126 294 3182 sit
305 3137 415 3182 notata·
408 3139 469 3196 e,t,
482 3127 563 3200 quod
574 3126 773 3183 difficillimum
785 3125 840 3180 fu1t
845 3163 854 3194 ,
865 3124 904 3180 sic
918 3123 1003 3178 sami·

105 3203 209 3259 liaruni
218 3205 372 3298 originem
390 3206 535 3262 subtexuit
555 3216 588 3262 ut
605 3224 641 3260 ex
660 3225 694 3261 eo
714 3205 859 3261 clarorum
871 3203 1003 3258 virorum

105 3283 277 3375 propagines
288 3286 426 3359 possimus
445 3303 626 3360 cognoscere.
643 3284 720 3341 Fecit
731 3285 787 3340 hoc
799 3284 874 3338 idem
886 3300 1003 3359 separa-

105 3361 154 3418 tim
168 3363 197 3418 in
210 3363 270 3419 aliis
281 3363 376 3430 lib1·is;
391 3376 439 3434 ut,
452 3365 492 3419 M.
507 3363 590 3421 Bruti
602 3376 722 3438 rogatu,
738 3362 853 3419 Juniam
867 3360 1003 3418 familiam
