2228 3892
419 348 658 404 nhethtnbES.
958 359 996 410 ιβ

101 455 246 507 renuntiat
263 492 271 522 ,
288 467 351 523 quae
364 447 426 522 regi
442 467 508 504 cum
523 437 741 506 Lacedaemoniis
763 446 894 516 essent³¹‚
912 431 995 506 irritu

10 585 12 591 ,
102 528 210 596 futura,
223 528 276 583 uisi
297 528 470 583 Alcibiadem
486 526 581 583 vivum
595 537 643 582 aut
659 539 805 583 mortuum
826 525 992 584 tradidisset.

101 609 169 664 Non
186 607 250 662 tulit
267 607 350 662 hoc³²
364 618 502 681 satrapes,
517 618 544 662 et
557 606 665 662 violare
685 607 876 676 clementiam,
905 608 993 680 quim

11 696 14 704 '
101 685 176 761 regis
195 705 263 760 opes
283 686 387 753 minui,
404 686 511 740 maluit.
534 687 634 757 ltaque
655 685 729 741 misit
748 685 944 760 Sysamithren
967 697 994 741 et

102 765 225 839 Bagoam
241 765 278 819 ad
292 764 466 819 Alcibiadem
485 763 725 833 interficiendum,
748 783 837 837 quum
859 765 906 820 ille
925 775 995 822 esset
1067 784 1069 791 ⁴

101 843 132 898 in
144 843 281 917 Phrygia,
294 843 404 916 iterque
416 844 452 898 ad
468 861 565 916 regem
576 856 698 917 pararet.
718 843 796 899 Missi
808 884 816 912 ‚
838 844 910 900 clam
922 843 995 899 vici-

102 921 217 991 nitati³³‚
240 923 270 976 in
282 926 339 994 qud
358 934 419 978 tum
434 921 593 978 Alcibiades
616 934 677 977 erat
685 962 694 990 ,
718 923 787 979 dant
803 923 949 997 negotium
963 932 995 976 ut

103 1018 167 1056 cum
185 999 363 1056 interficiant.
381 1001 443 1070 Illi,
462 1020 552 1075 quum
570 1020 635 1057 eum
648 1002 727 1056 ferro
737 1002 852 1076 aggredi
866 1019 925 1055 non
942 1018 994 1054 au-

102 1078 218 1148 derent,
241 1091 327 1134 noctu
355 1082 431 1154 ligna
461 1080 645 1136 contulerunt
669 1080 743 1135 circa
770 1101 860 1135 casam
884 1099 945 1134 eam
965 1078 997 1133 in

102 1157 159 1231 qula
172 1159 348 1230 quiescebat,
361 1177 479 1231 eamque
489 1159 710 1227 succenderunt,
722 1169 754 1213 ut
763 1159 893 1214 incendio
904 1156 996 1213 confi-

103 1247 199 1292 cerent
208 1256 294 1307 quem
306 1257 392 1291 marm
404 1237 534 1309 superari
546 1255 627 1310 posse
637 1235 812 1292 diffidebant.
825 1238 876 1292 Illc
888 1248 995 1307 autem,

102 1325 134 1370 ut
146 1314 240 1369 sonitu
251 1315 369 1368 flammae
382 1326 421 1370 est
435 1317 582 1383 excitatus,
596 1316 676 1388 quod
692 1316 839 1390 gladius
816 1336 841 1371 ει
853 1327 913 1372 erat
927 1315 997 1370 sub-

103 1393 219 1460 ductus,
238 1381 381 1448 familiaris
396 1394 440 1448 sui
459 1393 614 1449 subalare³⁴
628 1395 715 1449 telum
733 1397 860 1469 eripuit:
873 1412 997 1466 namque

102 1482 162 1526 erat
174 1490 239 1527 cum
251 1491 285 1526 eo
298 1473 413 1544 quidam
426 1491 460 1526 ex
469 1473 591 1528 Arcadia
602 1474 714 1546 hospes,
724 1475 774 1545 qui
783 1493 930 1545 nunquam
943 1473 998 1528 dis·

102 1552 204 1606 cedere
215 1552 354 1605 voluerat.
369 1553 452 1605 Hunc
466 1551 545 1624 sequi
559 1571 588 1606 se
598 1552 692 1623 jubet,
704 1564 731 1606 et
746 1552 775 1606 id
789 1552 888 1624 quod'
881 1572 910 1605 ιιι
922 1570 997 1624 prae·

103 1629 190 1684 sentiA
202 1631 436 1685 vestimentorum
453 1628 520 1698 fuit,
533 1632 668 1704 arripuit;
682 1631 726 1685 his
739 1631 768 1684 in
781 1631 874 1704 ignem
888 1629 994 1701 ejectis,

102 1704 220 1764 flammae
231 1709 288 1764 vim
301 1708 418 1763 transiit.
429 1712 520 1780 Quem
531 1720 560 1764 ut
569 1709 682 1765 barbari
694 1710 857 1765 incendium
870 1708 998 1784 effugisse

102 1787 210 1843 eminus
221 1788 368 1855 viderunt,
381 1789 442 1843 telis
457 1788 544 1844 missis
556 1792 771 1855 interfecerunt,
784 1801 926 1862 caputque
938 1790 999 1858 ejus

101 1866 138 1920 ad
154 1867 370 1922 Pharnabazum
387 1868 556 1922 retulerunt.
567 1870 605 1922 At
616 1869 732 1934 mulier,
748 1887 888 1940 quaecum
904 1885 939 1920 eo
951 1866 998 1920 vi-

102 1963 168 2000 vere
188 1947 355 2013 consuerat,
379 1944 512 1999 muliebri
532 1946 583 2000 sud
598 1957 673 2000 veste
692 1957 868 2012 contectum,
889 1942 1004 1999 aedificii'

101 2021 235 2079 incendio
254 2036 400 2078 mortuum
420 2022 554 2078 cremavit
570 2025 650 2097 quod
668 2024 704 2078 ad
723 2025 817 2078 vivum
833 2024 999 2079 interimen-

101 2101 172 2156 dum
184 2113 243 2157 erat
252 2114 457 2176 comparatum.
472 2103 517 2158 Sic
529 2103 696 2170 Alcibiades,
708 2103 917 2160 annoscirciter
926 2121 999 2176 quau

101 2178 257 2254 draginta³⁵
270 2192 364 2249 natus,
375 2182 450 2236 diem
462 2182 533 2236 obiit
544 2201 717 2256 supremum.

310 2317 343 2361 ll.
360 2313 495 2363 Alcibiades
510 2314 667 2362 infamatusct
682 2315 798 2363 laudatus.

141 2430 240 2498 Hunc,
253 2429 419 2485 infamatum
435 2451 451 2485 a
463 2430 619 2503 plerisque,
633 2442 691 2485 trcs
704 2427 859 2502 gravissimi
872 2427 1002 2486 historici

102 2509 216 2562 summis
234 2511 366 2570 laudibus
385 2508 564 2564 extulerunt:
581 2509 782 2583 ,Thucydidem
805 2508 855 2581 qui
873 2508 996 2580 ejusdem

102 2587 187 2641 aetatis
196 2586 265 2654 fuit3
278 2588 490 2660 Theopompus,
502 2588 551 2660 qui
563 2588 616 2643 fuit
628 2591 692 2662 post
703 2588 848 2661 aliquanto
860 2599 957 2658 natus,
972 2596 1000 2643 et

102 2663 1001 2740 Timaeus³⁶zquiquidemduomaledicentissimi‚nescioquomo·

101 2743 150 2812 do,
163 2743 192 2798 in
202 2745 252 2800 illo
266 2764 324 2800 uno
333 2745 478 2802 laudando
490 2758 701 2803 consenserunt.
710 2749 783 2802 Nam
795 2765 835 2814 ea,
845 2744 1000 2820 quaesuprh

100 2821 904 2900 diximus‚deeopraedicdrunt‚atquehocamplids,quum
912 2824 1000 2880 Athe·

101 2901 145 2957 nis
156 2904 380 2976 splendidissima
394 2904 504 2959 civitate
518 2916 599 2961 natus
612 2916 690 2975 essct,
703 2925 801 2961 omncs
815 2904 999 2960 Athenienses

101 2980 255 3053 splendore
270 3000 301 3035 ac
313 2983 448 3055 dignitate
459 2982 522 3038 vitae
533 2986 688 3058 superbisse.
701 2988 853 3056 Postquam
866 2983 932 3038 inde
944 3001 998 3039 ex·

37 3082 42 3095 ,
102 3059 200 3131 pulsus
212 3060 324 3115 Thebas
343 3062 467 3130 venerit,
479 3062 550 3119 adel>
569 3064 667 3119 studiis
683 3083 783 3119 corum
805 3063 952 3118 inservisse
967 3071 1000 3115 ut

102 3153 188 3191 nemo
200 3156 266 3192 cum
280 3138 379 3195 labore
389 3142 577 3214 corporisque
585 3142 694 3197 viribus
703 3153 797 3216 posset
808 3141 999 3235 aequipararej

103 3234 201 3272 omnes
215 3217 291 3272 enirn
303 3220 405 3274 Boeotii
418 3221 505 3293 magis
516 3219 643 3276 firmitati
656 3221 785 3294 corporis
797 3220 884 3293 quam
895 3215 999 3289 ingenii

102 3294 225 3348 acumini
217 3294 428 3353 inserviunt³⁷
442 3299 701 3375 EumdemapudLa
702 3299 910 3365 icedaemonios,
924 3314 999 3368 quo-

102 3389 168 3429 rum
187 3374 317 3428 moribus
334 3394 442 3433 summa
462 3376 552 3433 virtus
564 3379 594 3433 in
614 3379 747 3452 patientia
766 3376 944 3449 ponebatur,
960 3375 998 3431 sic

103 3450 214 3508 duritiae
228 3471 257 3509 se
273 3453 381 3510 dedisse
392 3466 425 3510 ut
437 3455 612 3529 parcimonia
624 3456 715 3510 victus
727 3469 812 3528 atque
827 3456 920 3511 cultus
934 3473 998 3510 om-
