2228 3892
455 323 671 378 aousrmus.
984 331 1023 388 oe

118 431 165 475 tur
183 419 234 492 qui
252 417 390 474 maximus
409 427 479 472 natu
493 429 564 472 esset
582 435 617 472 ex
635 417 732 473 liberis
746 416 807 492 ejus
826 415 878 491 qui
896 428 1017 494 regnans

119 497 289 566 decessisset;
301 497 344 553 sin
358 497 381 552 is
393 496 505 550 virilem
516 514 615 551 sexum
629 515 689 551 non
701 496 875 571 reliquisset,
890 508 949 554 tum
962 499 1019 555 de·

120 577 258 650 ligebatur
270 576 321 648 qui
333 575 481 649 proximus
493 585 563 630 esset
574 575 796 649 propinquitate.
811 577 946 634 Mortuus
957 592 1020 636 eras

119 657 184 730 Agis
197 674 262 723 rex,
277 654 365 709 frater
377 654 514 727 Agesilai:
529 653 620 707 filium
635 655 1019 728 reliqueratLeotychidem‚

117 751 202 807 quem
215 734 366 788 illenatum
378 752 438 786 uon
446 734 576 805 agndrat,
586 732 718 786 eumdem
727 733 851 787 moriens
862 751 946 790 suum
958 754 1016 792 esst

117 813 234 867 dixerat.
248 814 274 865 ls
284 812 319 864 dc
332 811 445 865 honore
458 812 540 884 regni
551 830 616 865 cum
626 811 756 883 Agesilao
769 831 821 866 sno
831 823 937 886 patruo
947 833 1003 869 con

118 891 219 960 tendit;
231 909 324 962 neque
332 890 373 958 id,
386 890 465 961 quod
475 890 586 963 petivit,
595 902 762 945 consecutus
769 903 823 946 est:
832 910 898 945 nam
904 894 1005 968 Lysan·

117 969 170 1024 dro
187 970 375 1042 suffragante,
393 969 510 1025 homine
528 967 577 1047 (ut
590 970 763 1024 ostendimus
778 968 882 1045 supra)
896 970 994 1028 factius
1029 1013 1033 1024 .

116 1047 196 1104 ethis
207 1049 383 1123 temporibus
395 1060 524 1122 potente,
536 1049 682 1122 Agesilaus
695 1051 832 1103 antelatus
844 1060 892 1102 est.

151 1177 185 1222 11.
205 1172 328 1237 Agesilaus
342 1171 366 1219 in
382 1171 437 1220 Asia
449 1180 529 1236 pactas
542 1188 596 1220 cum
606 1171 762 1236 Tissapherne
775 1171 880 1219 inducias
892 1182 977 1221 servat.

152 1294 209 1348 lho
221 1293 304 1348 simul
317 1305 402 1365 atque
414 1291 539 1366 imperii⁵
550 1292 657 1366 potitus
670 1303 725 1362 est,
735 1293 873 1367 persuasit
883 1293 1000 1350 Lacedae

114 1373 217 1429 moniis
230 1384 262 1426 ut
272 1373 429 1427 exercitum
440 1372 601 1427 emitterent
611 1371 641 1424 in
653 1373 757 1441 Asiam,
771 1372 938 1446 bellumque
949 1374 1011 1448 regi

112 1451 253 1519 facerent3
267 1451 373 1507 docens
385 1451 469 1506 satius
486 1469 543 1506 esse
555 1452 584 1504 in
598 1450 664 1505 Asia
681 1451 769 1524 quiam
782 1452 812 1505 in
831 1453 949 1526 Europa
964 1452 1009 1506 di-

111 1532 224 1587 micare.
250 1532 380 1602 Namque
405 1530 478 1583 fama
502 1530 609 1584 exierat
632 1534 821 1584 Artaxerxem
844 1549 1011 1603 comparare

112 1611 224 1677 classes,
237 1607 451 1683 pedestresque⁶
463 1609 614 1675 exercitus,
629 1627 702 1680 quos
719 1609 748 1662 in
761 1608 900 1663 Graeciam
912 1608 1010 1664 mitte-

112 1700 163 1744 ret.
184 1691 256 1742 Data
277 1700 429 1761 potestate,
445 1692 521 1741 tanta
539 1687 681 1742 celeritate
701 1707 767 1743 usus
779 1699 819 1742 est
835 1699 867 1742 ut
883 1687 964 1761 priirs
980 1688 1010 1743 in

114 1767 205 1822 Asiam
230 1786 296 1821 cum
319 1767 407 1840 copiis
426 1766 591 1840 pervenerit
610 1768 698 1838 qnam
719 1767 790 1841 regii
809 1778 925 1841 satrapae
944 1785 1010 1822 eum

110 1847 214 1902 scirent
230 1846 406 1919 profectum:
426 1864 485 1917 quo
502 1844 607 1900 facturn
625 1855 665 1900 est
683 1856 716 1900 ut
737 1864 835 1900 omnes
855 1845 1009 1919 imparatos

110 1924 359 1998 imprudentesque
373 1922 539 1977 offenderet.
553 1923 587 1977 Id
600 1934 633 1980 ut
645 1924 780 1996 cognovit
789 1924 1008 1996 Tissaphernes,

110 2005 161 2077 qni
176 2022 318 2058 summurn
331 2000 483 2074 imperium
495 2011 556 2055 tum
571 2000 646 2055 inter
664 2000 813 2074 praefectos
826 2001 949 2055 habebat
960 2019 1008 2057 re-

110 2084 180 2156 gios,
193 2081 319 2136 inducias
330 2099 346 2134 a
360 2081 472 2134 Lacone
485 2079 598 2153 petivit,
610 2079 745 2136 simulans
761 2098 790 2134 se
807 2080 876 2134 dare
889 2098 1008 2154 operam

110 2174 142 2217 ut
153 2159 371 2215 Lacedaemoniis
385 2178 450 2214 curn
461 2176 527 2232 rege
539 2157 732 2227 conveniret⁷‚
745 2177 777 2214 re
789 2169 883 2214 autem
894 2160 963 2215 vera
971 2159 1008 2216 ad

109 2240 205 2313 copias
216 2239 437 2313 comparandas3
450 2236 564 2309 easqne7
574 2237 736 2310 impetravit
747 2238 908 2293 trimestres.
920 2240 1005 2306 Jura⁴

109 2317 150 2372 vit
167 2329 261 2372 autem
273 2327 395 2388 uterque
411 2333 440 2370 se
455 2315 514 2370 sine
526 2315 596 2370 dolo
613 2315 740 2370 inducias
756 2326 1007 2372 conservaturum:

109 2397 139 2451 in
151 2397 208 2470 qua
223 2395 355 2469 pactione
366 2395 476 2450 summa
487 2393 545 2448 fide
561 2394 663 2448 mansit
673 2392 835 2466 Agesilaum
848 2404 950 2448 contra
961 2396 1007 2450 eafl

110 2474 312 2548 Tissaphernes
324 2473 396 2527 nihil
408 2472 486 2527 aliud
499 2471 587 2544 quiam
598 2470 705 2526 bellum
717 2472 902 2544 comparavit.
915 2472 949 2526 ld
957 2474 1007 2529 etsi

108 2553 245 2608 sentiebat
255 2554 344 2618 Laco,
357 2563 451 2606 tamen
461 2549 663 2621 jusjurandum
674 2550 816 2618 servabat,
826 2551 990 2625 multumqu

108 2631 138 2686 in
150 2649 184 2687 eo
197 2649 226 2686 se
237 2630 373 2703 consequi
389 2629 511 2696 dicebat,
527 2629 626 2702 «quod
646 2629 860 2703 Tissaphernes,
875 2631 1005 2704 perjurio

107 2729 174 2780 suo,
187 2720 214 2765 et
223 2709 354 2764 homines
366 2709 421 2764 suis
438 2708 523 2764 rebus
536 2708 709 2764 abalienaret
720 2719 748 2763 et
759 2710 836 2764 Deos
850 2709 903 2764 sibi
917 2710 1005 2767 iratos

107 2789 240 2846 redderet
247 2808 255 2858 ;
266 2808 295 2844 se
304 2799 411 2856 autem,
424 2787 534 2842 servata
546 2787 697 2860 religione,
710 2787 882 2845 confirmare
894 2789 1004 2844 exerci-

108 2879 181 2937 tum,
190 2887 280 2942 quum
287 2867 527 2922 animadverteret
536 2868 666 2921 Deorum
672 2886 779 2923 numen
788 2865 1002 2935 facere9secum‚

107 2946 293 3019 hominesque
316 2946 369 3002 sihi
393 2944 538 3000 conciliari
561 2945 722 3015 amiciores,
743 2948 824 3020 quod
835 2947 879 3001 his
889 2947 1005 3004 studere

107 3027 287 3082 consuessent
298 3040 371 3102 quos
382 3043 553 3081 conservare
564 3023 650 3081 fidem
662 3026 821 3081 viderent.»

108 3160 151 3209 111.
169 3156 292 3224 Agesilaus
302 3154 429 3223 Phrygiam
442 3154 611 3221 depopulatum
624 3151 710 3220 Ephesi
722 3150 820 3203 militem
833 3161 940 3213 maesta
954 3151 1002 3204 alid

383 3225 418 3289 it,
431 3225 477 3276 atio
491 3241 516 3276 se
527 3224 616 3273 iturum
628 3223 729 3274 simulat.

144 3346 296 3408 Posrouau
317 3341 497 3398 induciarum
517 3339 653 3413 praeteriit
670 3339 743 3407 dies,
773 3339 920 3407 barbarus,
940 3355 1000 3396 nou

109 3410 233 3468 tutinus
253 3413 339 3484 (quod
360 3415 446 3486 ipsius
464 3420 544 3473 sra'nt
561 3415 677 3484 plurima
699 3411 834 3466 domicilia
860 3416 888 3465 tn
912 3409 1001 3471 cant.
