2228 3892
111 316 147 366 08
276 277 283 287 ἢ
359 313 549 360 CORNELII
567 311 738 358 NEPO'HS

112 416 225 471 terunt,
240 404 420 478 nosmetipsi
435 423 488 460 nos
505 404 776 478 expugnaverimus,
790 405 845 460 illis
861 406 1003 480 quierem.

104 485 199 553 ‹tihus5
211 502 269 557 quo
282 482 372 553 facto,
386 483 444 540 sine
456 481 608 558 negotic¹⁹,
618 502 708 558 quum
719 483 941 553 voluerint,nos
952 504 1004 562 op-

112 564 266 638 priment-

157 688 201 734 v1.
223 683 346 749 Agesilaus
359 684 390 734 ad
404 684 548 734 Leuctricam
560 701 664 751 pugnam
679 684 714 734 ire
725 685 814 746 notatu
827 688 955 751 Spartama

234 753 355 805 Thebanis
364 763 523 821 oppugnatam
534 754 647 820 singulari
658 765 734 804 servat
745 764 885 806 commento.

150 857 275 912 lurumu
283 856 384 911 accidit
394 857 442 911 illa
453 857 594 912 calamitas
606 858 683 930 apud
695 859 817 912 Leuctra
830 857 994 914 Lacedaemo

110 935 179 1003 niis;
191 936 250 1008 quo
266 954 302 990 ne
311 933 556 1009 proficisceretur,
569 954 659 1008 quum
671 956 686 989 a
698 935 842 1009 plerisque
854 936 891 991 ad
902 955 994 992 exeun
1041 974 1044 980 n

110 1013 180 1069 dum
198 1026 390 1088 premeretur,
404 1023 436 1069 ut
454 1013 478 1069 si
490 1013 526 1068 de
545 1014 622 1069 exitu
640 1014 795 1080 divinaret,
809 1013 886 1069 exire
904 1015 1007 1083 noluit,

110 1093 191 1148 Idem
204 1111 294 1166 quum
304 1092 517 1167 Epaminondas
527 1095 658 1167 Spartam
672 1104 865 1167 oppugnaret,
880 1104 1007 1167 essetque

121 1171 169 1228 ine
184 1172 274 1226 muris
290 1172 447 1246 oppidum,
470 1172 555 1227 talem
568 1191 596 1228 se
612 1172 814 1245 imperatorem
837 1171 959 1246 praebuit
974 1180 1007 1230 ut

114 1267 145 1304 eo
158 1261 287 1324 tempore
300 1251 432 1306 omnibus
442 1251 616 1325 apparuerit,
628 1250 681 1304 nisi
691 1251 739 1306 ille
749 1251 859 1319 fuisset,
875 1252 1002 1325 Spartam

108 1327 237 1383 futuram
255 1328 469 1384 nonfuisse.1n
490 1349 549 1402 quo
568 1331 685 1402 quidem
702 1329 864 1386 discrimine
880 1330 1007 1385 celeritas

110 1405 170 1478 ejus
180 1407 290 1462 consilii
302 1407 385 1462 saluti
397 1406 451 1462 fuit
461 1407 607 1463 universis.
619 1409 691 1462 Nam
703 1427 792 1479 quum
804 1409 921 1481 quidam
935 1409 1004 1464 ado·

109 1485 272 1553 lescentuli,
294 1486 420 1542 hostium
450 1486 572 1542 adventu
600 1486 765 1560 perterriti,
790 1488 826 1542 ad
854 1487 1006 1542 Thebanos

109 1565 286 1639 transfugere
300 1565 422 1632 vellent,
435 1576 463 1620 et
473 1565 569 1621 locum
582 1577 661 1621 extra
674 1565 779 1621 urbem
793 1566 901 1621 editum
913 1565 1005 1639 cepis-

109 1653 184 1710 sent,
194 1644 355 1716 Agesilaus,
368 1644 419 1714 qui
430 1644 698 1716 perniciosissimum
710 1643 774 1700 fore
785 1645 895 1699 videret
907 1645 930 1700 si
942 1644 1005 1698 ani—

108 1721 289 1777 madversum
300 1732 548 1794 essetquamquam
557 1722 594 1776 ad
605 1723 699 1777 hostes
709 1723 886 1796 transfugere
897 1723 1004 1791 conari,

108 1818 174 1856 cum
186 1801 242 1856 suis
253 1802 288 1855 eb
299 1800 385 1868 venit,
397 1811 490 1873 atque,
499 1811 531 1855 ut
537 1800 560 1854 si
567 1800 645 1855 bono
658 1799 924 1869 animot⁹fecissent‚
936 1803 1003 1857 lau-

108 1879 186 1934 davit
197 1880 346 1935 consilium
358 1897 475 1948 eorum,
489 1878 569 1952 quod
581 1898 646 1934 eum
658 1879 755 1934 locum
764 1881 965 1954 occupassent,
978 1891 1006 1936 et

109 1976 138 2013 se
151 1958 181 2013 id
193 1978 311 2032 quoque
326 1957 389 2013 fieri
402 1957 507 2013 debere
523 1957 760 2013 animadvertisse.
777 1959 822 2016 Sic
839 1959 1005 2016 adolescen-

110 2035 184 2091 tulos
195 2037 325 2092 simulata
337 2036 501 2091 laudatione
513 2037 701 2110 recuperavit,
709 2048 746 2105 et,
759 2037 899 2109 adjunctis
906 2039 942 2094 de
949 2039 1005 2094 suis

109 2113 273 2182 comitibus,
282 2115 378 2168 locum
390 2124 484 2169 tutum
499 2114 629 2186 reliquit:
642 2134 765 2187 namque
778 2116 832 2183 illi,
850 2128 933 2172 aucto
944 2137 1003 2172 nu-

108 2210 190 2247 mero
202 2211 303 2249 eorum
316 2192 366 2266 qui
378 2192 533 2267 expertes2⁰
546 2203 627 2248 erant
644 2193 771 2260 consilii,
783 2213 965 2251 commovere
976 2216 1005 2252 se

109 2289 168 2325 uon
182 2283 248 2326 sunt
258 2271 332 2338 arisi,
344 2271 437 2344 eoque
452 2271 586 2328 libentius
597 2271 678 2345 qubd
691 2272 779 2328 latere
791 2269 1006 2330 arbitrabantur

108 2367 172 2424 quae
183 2350 351 2425 cogitarant

163 2486 220 2534 v11.
239 2483 362 2549 Agesilaus
373 2482 473 2551 pecunil
483 2482 583 2550 patriam
591 2482 711 2544 sublevat3
723 2499 821 2533 munera
829 2483 874 2533 sibi
883 2483 951 2534 missa

429 2554 520 2602 confert
529 2553 555 2603 in
562 2552 692 2621 publicum.

148 2674 218 2729 Sutu
231 2674 320 2729 dubio
336 2684 401 2748 post
418 2665 595 2730 Leuctricam
613 2694 738 2749 pugnarn
757 2677 963 2732 Lacedaemonii
976 2696 1005 2734 sc

109 2770 257 2825 nunquam
267 2753 441 2822 refecerunt,
453 2773 547 2827 neque
558 2753 708 2828 pristinum
720 2754 871 2828 imperium
883 2774 1005 2830 recupe-

110 2834 212 2887 rdrunt
219 2851 226 2888 ε
233 2831 349 2904 quum²¹
360 2832 624 2907 interimAgesilaus
632 2852 691 2888 non
699 2833 811 2903 destitit,
818 2834 1004 2906 quibuscum-

110 2927 165 2983 que
184 2910 270 2966 rebus
286 2922 394 2984 posset,
413 2913 533 2985 patriam
548 2912 658 2984 juvare.
671 2913 744 2967 Nam
758 2932 847 2985 quum
861 2912 1005 2987 praecipue

112 2989 315 3044 lacedaemonii
326 2989 487 3063 indigerent
497 2992 630 3064 pecunia,
643 2991 690 3047 ille
701 2991 847 3060 omnibus,
855 2993 928 3064 quia
937 3011 1005 3067 rege

109 3067 307 3140 defecerant22,
319 3069 451 3143 praesidio
460 3068 526 3137 fuit;
537 3089 552 3124 a
562 3069 667 3142 quibus
674 3073 777 3144 magna
784 3073 906 3127 donatus
915 3090 1005 3146 pecu-

110 3147 169 3216 nia,
185 3147 305 3222 patriam
315 3148 481 3204 sublevavit.
493 3149 588 3221 Atque
599 3147 629 3202 in
640 3148 696 3203 hoc
714 3150 785 3204 illud
798 3151 827 3203 in
840 3151 939 3222 primis
952 3149 1006 3206 fuit

110 3226 292 3296 admirabile,
304 3246 395 3300 quum
414 3227 535 3282 maxima
551 3245 671 3282 munera
689 3228 714 3282 ei
729 3227 765 3282 ab
782 3229 896 3302 regibus
913 3241 939 3284 et
953 3229 1005 3304 dy-

110 3306 194 3361 uastis
212 3306 427 3380 civitatibusque
445 3306 659 3374 conferrentur,
676 3307 748 3361 nihil
764 3327 892 3380 unquam
910 3309 940 3363 in
954 3309 1005 3364 do·

110 3398 188 3438 mum
210 3404 290 3441 suam
314 3386 434 3444 contulit
442 3405 452 3455 3
477 3385 549 3442 nihil
573 3386 609 3441 de
631 3386 724 3446 victu.
747 3386 818 3441 nihil
847 3389 881 3444 de
908 3388 1008 3445 vestitu
