2228 3892
104 319 144 374 itit
409 332 552 378 CORNELII
572 333 702 378 NEPOTlS

105 462 168 498 curu
194 444 342 498 Artaxerxe
368 444 526 498 societatem
544 445 694 509 habebant,
707 445 918 500 *Lacedaemonii
936 467 997 501 curu

105 519 249 591 AEgyptiis,
267 539 281 571 a
301 517 398 587 quibus
412 538 523 588 magnas
542 519 647 588 praedas
671 520 809 590 Agesilaus
834 540 882 574 rex
903 540 999 574 eorum

105 596 231 649 iaciebat.
248 594 280 646 ld
291 595 404 647 intuens
422 594 568 662 Chabrias,
585 614 669 666 quum
689 595 718 648 in
730 616 760 649 re
778 591 853 650 'nulls
872 596 998 664 Agesilao

105 671 227 736 cederet,
240 673 285 724 sui
301 685 398 740 sponte
412 694 458 728 eos
470 675 593 743 adjutum
615 671 762 742 proiectus,
778 672 911 744 AEgyptiae
924 667 998 725 classi

106 749 227 820 prefuit,
239 749 420 817 pedestribus⁶
437 751 522 820 copiis
534 752 686 819 Agesilaus&

151 882 196 926 111.
214 881 320 926 Chabrias
335 891 452 925 revocatur
464 895 491 925 er
502 882 603 940 AEgypto
616 882 722 940 domum
738 888 835 940 propter
847 876 955 924 invidiam

519 951 591 994 abest.

103 1077 108 1084 ¹
144 1088 211 1141 Tun
228 1083 352 1159 praefecti
372 1083 446 1158 regis
464 1084 566 1140 Persiae
585 1084 692 1157 legatos
716 1082 854 1138 miserunt
874 1084 999 1139 Athenas

104 1176 234 1238 questruu
243 1163 322 1237 qubd
336 1163 471 1218 Chabrias
483 1163 633 1219 advershm
651 1181 747 1236 regem
765 1161 873 1216 bellum
888 1174 999 1236 gereret

104 1261 167 1298 cum
182 1243 328 1316 AEgyptiis.
343 1243 527 1298 Athenienses
542 1243 616 1298 diem
627 1254 733 1297 certam
745 1241 875 1296 Chabriae
887 1242 999 1314 prastia-

105 1332 237 1388 tuerunt,
250 1333 418 1393 quamante‚
426 1321 545 1376 domum
558 1322 611 1375 uisi
623 1321 755 1388 redisset,
770 1319 867 1393 capitis
879 1339 908 1374 se
918 1320 1000 1376 illum

103 1399 288 1455 damnaturos
300 1399 514 1454 denuntiarunt.
527 1400 589 1454 Hoc
601 1398 648 1467 ille
659 1398 760 1452 nuntio
769 1398 894 1454 Athenas
904 1399 998 1468 rediit,

103 1497 197 1552 neque
209 1479 248 1534 ihi
260 1478 364 1533 diutius
376 1488 416 1532 est
427 1489 554 1534 moratus
565 1477 651 1550 quam
661 1477 714 1531 fuit
725 1479 916 1531 neeesseNou
924 1478 998 1532 euim

103 1556 226 1620 libenter
238 1569 298 1613 erat
309 1569 374 1611 ante
388 1558 486 1614 oculos
500 1557 603 1612 civium
615 1574 748 1624 suormn,
761 1555 841 1628 quod
854 1555 1000 1611 etvivobat

103 1635 179 1691 laute
191 1648 219 1692 et
228 1635 394 1709 indulgebat
406 1635 459 1689 sibi
474 1635 618 1690 liberaliirs
632 1634 718 1706 quim
730 1645 762 1689 ut
773 1633 909 1688 invidiam
920 1635 999 1709 vulgi

104 1726 198 1786 posset
210 1713 345 1787 effugere.
358 1714 407 1767 Est
419 1712 494 1767 euim
506 1714 561 1768 hoc
573 1731 724 1767 commune
735 1712 834 1765 vitium
846 1712 875 1765 in
890 1715 999 1786 magnis

103 1791 256 1866 liberisque
271 1791 444 1859 civitatibus,
461 1802 493 1846 ut
511 1791 615 1846 invidia
629 1791 726 1864 gloriae
742 1809 836 1845 comes
852 1790 904 1861 sit,
916 1801 944 1845 et
962 1792 998 1845 li-

103 1869 204 1927 beuter
213 1873 248 1927 de
256 1869 446 1926 iisdetrahaut
455 1890 528 1945 quos
540 1871 663 1925 eminere
672 1869 785 1924 videant
796 1869 893 1938 altius,
904 1887 998 1943 neque

103 1950 199 2007 animo
223 1970 306 2025 aequo
328 1969 469 2025 pauperes
489 1951 608 2005 alienam
633 1949 812 2023 epulantium
834 1948 997 2004 intueantur

104 2028 258 2085 fortunam.
273 2032 373 2100 Itaque
392 2028 542 2097 Chabrias,
557 2029 653 2101 quoad
671 2028 697 2082 ei
715 2027 828 2095 licebat,
842 2026 998 2100 plurimum

104 2107 209 2161 aberat.
222 2109 321 2179 Neque
333 2104 403 2160 verb
416 2106 492 2161 solus
504 2107 552 2160 ille
563 2107 661 2160 aberat
672 2107 792 2160 Athenis
803 2105 938 2174 libenter,
950 2105 999 2160 sed

105 2204 203 2241 omnes
215 2184 274 2241 fere
293 2183 434 2258 principes
448 2184 576 2240 feceruut
596 2184 686 2252 idern;
700 2185 779 2256 qubd
798 2184 908 2238 tanthm
921 2202 950 2238 se
962 2184 999 2238 ab

103 2262 209 2320 invidia
228 2263 366 2338 putabant
387 2261 510 2319 iutur0s⁷
526 2264 689 2338 quantinus
703 2273 858 2336 conspectu
880 2281 999 2318 suorum

102 2343 285 2401 recessissent.
299 2345 399 2416 Itaque
415 2344 517 2399 Conon
536 2343 693 2418 plurimirm
714 2342 803 2416 Cypri
821 2341 902 2410 vixit,
915 2341 998 2415 Iphi-

103 2434 193 2480 crates
213 2424 242 2478 iu
266 2423 403 2492 Thracii,
423 2423 590 2478 Timotheus
608 2422 706 2490 Lesbi,
726 2421 845 2477 Chares⁸
861 2420 891 2474 in
905 2420 998 2493 Sigeo.

103 2501 250 2557 Dissimilis
262 2504 377 2574 quidem
389 2503 494 2558 Chares
506 2503 614 2578 horum
626 2514 653 2558 et
667 2501 745 2556 factis
755 2512 782 2556 et
795 2499 938 2569 moribus,
949 2498 996 2555 sed

104 2590 197 2635 tarueu
208 2580 327 2636 Athenis
339 2591 367 2635 et
377 2580 536 2636 honoratus
548 2586 577 2637 et
587 2592 697 2656 potens.

280 2742 324 2787 tt.
343 2737 456 2788 Chabrias
469 2737 539 2803 periit
548 2736 612 2786 hello
623 2737 727 2785 desertus
739 2751 753 2784 a
765 2751 819 2784 suu.

142 2869 285 2924 Carsulas
296 2878 391 2922 autem
401 2869 485 2941 periit
491 2869 568 2924 bello
580 2866 699 2936 sociali⁹‚
715 2868 764 2922 tali
776 2865 873 2922 modo.
887 2866 992 2939 Oppu·

103 2947 228 3024 guahant
238 2947 421 3002 Athenienses
433 2946 550 3012 Chium;
565 2960 626 3002 erat
641 2948 670 3002 in
689 2949 775 3003 classe
787 2945 923 3001 Chabrias
935 2943 998 3019 pri-

104 3026 246 3092 satus,sed
255 3045 361 3087 omues,
371 3024 456 3099 quiin
465 3025 628 3097 magistratu
638 3038 729 3091 erant,
743 3025 909 3080 auctoritate
921 3035 998 3080 ante-

104 3105 170 3174 ibat,
179 3123 301 3177 eumque
313 3106 400 3177 magis
412 3104 521 3170 milites,
530 3099 631 3175 qutm⁹
639 3103 688 3175 qui
698 3115 847 3176 praeerant,
856 3103 997 3176 adspicie-

104 3182 182 3239 bant.
197 3185 266 3254 Quae
285 3200 331 3238 res
349 3183 375 3237 ei
390 3182 542 3243 maturavit
553 3190 675 3236 mortem
691 3199 697 3234 :
712 3198 791 3246 nam,
804 3181 874 3234 dum
888 3181 998 3256 primus

102 3267 195 3320 studet
208 3274 324 3337 portum
343 3262 464 3328 intrare,
485 3272 513 3315 et
530 3260 752 3335 gubernatorem
771 3258 854 3329 jubet
872 3259 906 3313 eb
921 3257 993 3312 diri-

103 3361 170 3418 gere
182 3360 297 3413 navem,
310 3341 369 3416 ipse
380 3340 433 3396 sibi
441 3339 576 3414 perniciei
588 3338 648 3393 fuit.
664 3340 760 3405 Quum
773 3336 848 3392 enim
860 3340 894 3392 eb
907 3354 996 3411 pene·

102 3425 214 3487 trasset,
230 3435 335 3479 raeterae
355 3441 415 3477 non
426 3431 492 3476 sunt
506 3429 615 3474 secutae.
628 3421 693 3486 Quo
707 3415 798 3485 facto,
810 3416 995 3472 circumfusus
