2478 4024
227 329 265 384 96
501 317 687 366 CORNELII
706 317 870 372 moris

229 415 302 474 uixit
314 415 412 490 plures
418 423 523 489 praeter
531 412 768 476 coniuctudinem
779 423 904 470 armatos
916 431 1068 489 apparere.
1080 415 1143 486 Qui

229 493 382 570 imperavit
399 492 426 548 ei
439 501 472 548 ut
489 509 588 548 omnes
601 489 678 549 lorea
696 489 807 550 edificii
823 491 1003 563 circumiret,
1015 512 1048 550 ac
1065 511 1141 570 pro-

224 573 299 651 'pere
307 571 360 628 sibi
370 570 549 637 renuntiaret
564 589 636 627 num
653 571 756 629 eodem
769 570 858 628 modo
870 571 999 645 undique
1014 573 1138 631 obside-

229 662 320 710 retur.
334 652 410 706 Puer
421 668 512 723 quum
522 649 663 720 celeriter,
675 651 746 724 quid
756 661 842 718 esset,
854 652 1057 718 renuntiasset,
1068 671 1138 708 om-

228 748 336 804 nesque
349 731 440 786 exitus
459 740 612 805 occupatos
628 730 809 798 ostendisset,
821 728 929 786 sensit²¹
944 730 974 786 id
994 749 1057 786 non
1070 732 1137 789 for·

229 808 302 866 tuito
315 808 437 878 laetum,
449 809 499 865 sed
518 826 547 865 se
565 809 638 883 peti,
655 827 750 883 neque
772 808 826 864 sibi
842 808 949 865 diutim
968 809 1056 865 ailam
1076 828 1138 867 esse

229 888 416 946 retinendam.
429 890 524 956 Quam
544 906 581 944 ne
598 888 691 944 alieno
709 888 830 963 arbitrio
842 886 1008 956 dimitteret,
1020 907 1138 946 memor

249 965 415 1024 ristinarum
425 967 580 1035 virtutum,
591 984 748 1034 venenum,
759 965 840 1042 quod
853 985 966 1042 nemper
974 985 1072 1024 seeum
1082 967 1137 1025 ha·

228 983 298 1104 bere
312 1054 510 1114 consueverat,
522 1045 649 1121 sumpsit.

313 1179 386 1230 1111.
406 1137 1036 1245 ammi,ae11amm·aua,1ma÷aopama0m

268 1303 319 1358 Sic
329 1301 375 1356 vir
385 1299 567 1369 fortissimus,
580 1299 677 1358 multia
688 1299 831 1376 variisque
838 1299 1006 1378 perfunctus
1022 1301 1135 1360 labori-

228 1377 291 1448 bus,
299 1397 376 1434 anno
381 1379 523 1452 acquievit
532 1378 773 1453 septuagesimam.
783 1379 896 1451 Quibus
907 1379 1071 1438 consulibus
1083 1381 1133 1436 in·

228 1458 352 1526 terierit,
365 1476 426 1513 non
439 1457 719 1531 convenitenamque
728 1458 851 1527 Atticus,
860 1461 901 1515 M.
914 1459 1034 1516 Claudio
1046 1463 1133 1517 Mar-

227 1538 318 1610 cello,
330 1540 365 1607 Q.
381 1537 469 1594 Fabio
481 1538 614 1594 Labeone
634 1547 887 1606 commortuum,
907 1539 937 1593 in
961 1539 1057 1595 annali
1079 1558 1132 1596 suo

227 1617 366 1692 scriptum
378 1617 511 1690 reliquit3
525 1629 554 1673 at
571 1617 723 1693 Polybius,
741 1618 774 1672 L.
787 1617 902 1674 AEmilio
921 1617 1011 1672 Paulo
1029 1629 1058 1675 et
1077 1619 1129 1674 Cn.

229 1695 326 1751 Baebio
335 1696 503 1770 Tamphi103
517 1695 659 1768 Sulpicius
674 1706 785 1764 autem,
803 1699 834 1752 P.
848 1695 984 1754 Cornelio
1004 1697 1132 1771 Cethego

227 1784 258 1828 et
268 1775 310 1828 M.
326 1773 421 1828 Baebio
434 1772 597 1847 Tamphilo.
614 1776 709 1846 Atque
725 1774 772 1828 bie
792 1785 887 1831 tantus
908 1775 967 1844 vir,
992 1777 1132 1852 tantisque

228 1851 311 1908 bellis
322 1851 478 1920 districtus,
490 1870 552 1907 non
565 1851 639 1906 nibil
651 1852 789 1927 temporis
801 1853 901 1909 tribuit
912 1853 1014 1912 litteris
1024 1874 1033 1911 ε
1045 1874 1130 1911 nam·

229 1949 285 2006 que
297 1931 408 2005 aliquot
427 1930 488 2005 ejus
503 1929 571 1987 libri
589 1940 669 2001 eunt,
688 1950 782 2006 graeco
803 1951 935 1990 sermone
950 1931 1090 1991 conlecti:
1101 1933 1132 1990 in

227 2011 289 2083 his,
304 2012 340 2068 ad
356 2010 489 2069 Rhodios
507 2012 543 2068 de
561 2011 614 2068 Cn.
631 2012 733 2068 Manlii
752 2012 887 2070 Vulsonis
909 2012 939 2068 in
962 2013 1025 2070 Asia
1043 2013 1132 2071 rebus

228 2089 319 2164 gestis.
335 2091 428 2160 Hujus
438 2091 515 2144 bella
526 2100 603 2164 gesta
613 2091 697 2146 multi
709 2093 855 2148 memoriae
863 2092 1071 2167 proaliderunt3
1081 2090 1132 2151 sed

228 2185 266 2223 ex
276 2166 322 2222 hie
334 2166 394 2221 duo
408 2167 460 2240 qui
474 2185 541 2223 eum
551 2185 586 2223 eo
596 2166 734 2223 incastris
746 2169 876 2236 suerunt,
893 2171 1034 2246 simulque
1046 2171 1130 2228 vixe-

228 2256 298 2303 runt
309 2245 438 2320 quandiu
449 2244 566 2302 fortuna
575 2265 654 2320 passa
671 2257 725 2318 eat,
739 2247 850 2304 Silenus
858 2288 868 2316 ,
884 2260 912 2303 et
922 2249 1030 2307 Sosilus
1041 2252 1130 2309 lace·

226 2316 399 2395 iloemonium
411 2335 496 2401 atque
504 2326 562 2383 hoc
570 2326 662 2384 Sosilo
670 2327 795 2386 Annibal
807 2327 967 2385 litterarum
973 2347 1128 2403 graecarum

229 2425 295 2463 usue
307 2416 349 2462 est
366 2406 494 2464 doctore.
513 2405 571 2464 Sed
585 2423 639 2462 nos
658 2417 768 2482 tempus
785 2419 826 2464 est
845 2408 932 2481 liujus
951 2409 1019 2464 libri
1036 2409 1128 2468 facero

229 2483 330 2554 linem,
350 2497 378 2542 et
389 2489 592 2546 Romanorum
611 2487 755 2562 explicare
772 2486 971 2562 imperatores,
986 2488 1047 2561 quo
1060 2488 1129 2546 faci-

229 2563 300 2632 libs,
311 2564 421 2620 collao's
432 2576 626 2644 utrorumque
637 2565 730 2640 factio,
743 2566 794 2645 qui
807 2565 864 2626 viri
874 2565 1047 2644 praeferendi
1060 2568 1129 2641 aiat,

229 2641 456 2714 pomitjudieari.
531 2714 534 2720 Ι
862 2673 864 2676 -
