2228 3892
474 281 666 332 amnas„
984 281 1015 333 tt

151 385 185 432 t.
205 379 311 435 Anniba]
328 376 404 432 Fabio
416 377 488 430 verba
502 378 555 439 dau
571 377 662 498 ltqlum
677 376 826 441 Gracchum,
840 375 982 431 Marcellum

516 464 602 517 supera
615 484 622 497 .
749 472 753 480 ·

153 575 216 631 Hac
239 573 336 648 pugni
358 571 499 648 pugnata,
521 572 643 625 Romam
661 568 805 644 proiectus
827 571 910 627 nullo
928 572 1011 629 resis-

115 663 204 724 tente,
218 653 246 708 in
260 651 432 726 propinquis
449 649 529 706 urhis
550 649 696 704 montibus
713 659 839 704 moratus
856 661 903 706 est.
918 653 1014 720 Quun:

114 733 224 807 aliquot
240 732 280 785 ibi
290 731 349 786 dies
360 740 450 785 castra
462 727 621 794 habuisset,
634 737 662 782 et
674 738 868 783 reverteretur
880 731 1012 804 Capuam,

114 812 150 881 Q.
163 811 268 868 Fabius
282 810 439 876 Maximus,
456 807 577 863 dictator
593 809 753 877 Romanus,
766 807 795 862 in
807 826 877 882 agro
892 810 995 866 Falern

113 909 141 945 se
160 890 186 946 ei
210 889 323 961 objecit.
338 889 404 957 Hic,
425 887 537 943 clausus
549 887 682 943 locorum
694 886 841 962 angustiis,
854 901 944 945 noctu
955 889 1019 946 sind

113 968 175 1024 ullo
188 968 359 1025 detrimento
372 967 512 1025 exercitus
523 986 552 1024 se
560 966 712 1042 expedivit.
726 966 828 1038 Fabio,
836 967 1015 1026 callidissimo

110 1047 295 1122 imperatori,
309 1048 396 1103 verba
418 1045 685 1119 (residuumque,
699 1046 826 1101 obducta
837 1057 934 1115 nocte,
950 1064 1014 1102 sar-

112 1138 206 1183 menta
217 1128 250 1182 in
260 1127 594 1198 cornibusjuvencorum
606 1126 727 1198 deligata
739 1124 878 1192 incendit,
898 1125 1014 1198 ejusque

113 1207 225 1280 generis
243 1207 455 1262 multitudinem
475 1224 608 1278 magnam
625 1203 791 1277 dispalatam
812 1203 933 1260 immisit.
948 1207 1013 1274 Quo

113 1286 264 1359 repentino
279 1285 393 1354 objectu
406 1285 480 1351 viso,
503 1295 614 1338 tantum
633 1292 775 1338 terrorem
794 1282 890 1355 injecit
902 1283 1014 1340 exerci-

113 1365 154 1418 tui
174 1365 375 1418 Romanorum
396 1373 428 1418 ut
442 1363 538 1437 egredi
555 1374 634 1420 extra
653 1363 760 1418 vallum
773 1381 858 1418 nemo
875 1363 908 1418 sit
919 1382 1012 1420 ausus.

112 1441 192 1498 Hanc
206 1454 271 1516 post
283 1460 345 1497 rem
356 1454 475 1517 gestam,
492 1462 552 1498 non
568 1443 606 1497 ita
617 1442 714 1497 multis
726 1442 841 1511 diebus,
859 1444 900 1496 M.
912 1443 1014 1498 Minu-

112 1520 187 1576 cium
208 1521 334 1590 Rufum,
349 1522 515 1596 magistrum
536 1521 678 1594 equitum,
701 1521 766 1594 pari
788 1539 819 1576 ac
845 1521 1014 1578 dictatorem

111 1599 248 1674 imperio,
261 1601 331 1656 dolo
343 1601 518 1677 productum
537 1601 566 1655 in
577 1601 723 1674 praelium,
736 1599 851 1674 fugavit.
867 1600 1014 1657 Tiberium

112 1680 317 1753 Sempronium
341 1681 518 1751 Gracchum,
539 1678 644 1735 itemm
663 1678 828 1748 consulem,
842 1680 872 1735 in
893 1679 1014 1736 Lucanis

109 1760 236 1817 absens¹2
247 1762 276 1816 in
291 1761 404 1817 insidias
416 1761 570 1817 inductum·
578 1760 705 1826 sustulit;
717 1761 849 1815 Marcum
862 1759 1013 1816 Claudium

108 1842 293 1908 Marcellum,
314 1841 465 1914 quinquies
486 1840 648 1909 consulem,
672 1840 750 1914 apud
772 1840 925 1897 Venusiam
948 1840 1011 1913 pari

108 1920 196 1976 modo
214 1920 362 1974 interfecit.
387 1924 521 1993 Longum
540 1929 580 1974 est
602 1936 769 1974 enumerare
790 1920 887 1992 praelia
900 1938 907 1972 :
920 1935 1010 1991 quare

109 1997 166 2054 hoc
177 2017 269 2053 unum
281 1998 345 2053 satis
357 1998 411 2052 erit
425 1999 532 2052 dictum
544 2035 552 2064 ,
566 2015 600 2051 ex
615 2015 673 2069 qno
686 1996 806 2070 intelligi
819 1997 906 2070 possit
917 2015 1010 2068 quan·

109 2087 154 2134 tus
163 2077 211 2132 ille
223 2076 320 2132 luerit:
334 2071 489 2150 qnandiu¹³
503 2077 532 2130 in
542 2075 622 2131 Italia
635 2075 701 2145 fuit,
714 2094 800 2131 nemo
815 2076 841 2131 ei
852 2077 881 2131 in
891 2075 949 2132 acic
960 2093 1010 2133 re·

108 2155 191 2224 stitit,
202 2174 288 2213 nemo
304 2157 441 2213 adversius
454 2175 535 2226 eum,
556 2166 623 2230 post
635 2156 812 2212 Cannensem
830 2175 969 2232 pugnam,
979 2154 1009 2212 iu

107 2252 208 2312 campo
222 2247 312 2292 castra
323 2236 428 2310 posuit.

275 2372 321 2419 Vl.
337 2367 445 2419 Annibal
455 2367 480 2418 iu
493 2367 569 2436 patrii
581 2367 685 2418 vinciun
698 2365 838 2433 aScipicne.

147 2500 204 2554 Hrc
218 2497 357 2564 invictus,
369 2495 491 2570 patrium
501 2493 648 2551 defensum
659 2503 819 2562 revocatus,
834 2492 1010 2568 bellumges·

108 2577 143 2632 sit
153 2576 289 2631 adversus
301 2577 331 2628 P.
345 2574 522 2647 Scipionem,
535 2571 626 2629 filium
639 2572 699 2645 ejus
712 2591 797 2646 quem
810 2573 868 2647 ipse
883 2572 1009 2646 primirm

109 2652 379 2728 apndRhodanum,
386 2652 489 2707 iterum
497 2652 573 2728 apud
580 2652 784 2720 Padum,tertid
792 2651 1009 2726 apndTrebiam

110 2733 266 2808 fugaverat.
280 2733 352 2787 Cum
369 2732 439 2802 hoc,
455 2732 595 2788 exhaustis
614 2732 673 2804 jam
694 2731 794 2806 patriae
810 2731 989 2790 facultatibus
1006 2780 1010 2800 Ι,

109 2812 216 2887 cupivit
228 2812 257 2867 in
272 2811 445 2886 praesentia¹³
461 2812 570 2867 bellum
588 2830 779 2884 componere,
792 2812 851 2884 qui)
867 2811 1009 2867 valentior

109 2903 207 2967 postea
227 2892 463 2966 congrederetur.
488 2893 522 2946 ln
545 2891 729 2964 colloquium
741 2889 1006 2946 convenitzcondi·

110 2972 201 3027 tiones
217 2989 277 3026 non
297 2981 503 3025 convenerunt.
522 2973 588 3026 Post
609 2970 638 3026 id
656 2970 761 3026 factum
774 2970 869 3043 paucis
892 2968 1007 3038 diebus,

109 3050 186 3123 apud
208 3051 322 3104 Zamam
341 3069 407 3105 cum
421 3051 521 3106 codem
544 3048 679 3105 conflixit.
699 3050 819 3119 Pulsus,
842 3047 1007 3104 incredibile

111 3128 201 3198 dictu,
224 3129 315 3184 biduo
335 3141 362 3184 et
374 3129 484 3186 duabus
506 3130 637 3186 noctibus
655 3128 845 3184 Adrumctum
860 3125 1009 3202 pervenit,

111 3207 188 3280 quod
203 3208 280 3264 abest
292 3229 307 3263 a
321 3210 405 3264 Zama
425 3210 537 3265 circiter
560 3207 647 3263 millia
669 3225 804 3282 passuum
822 3216 955 3262 trecenta.
973 3205 1008 3259 In

110 3286 163 3342 hac
179 3286 255 3362 fuga,
264 3289 409 3358 Numidae,
422 3289 472 3361 qui
484 3288 566 3343 simul
579 3306 644 3342 cum
658 3306 692 3342 eo
706 3307 740 3343 ex
751 3287 812 3342 acie
824 3295 1008 3355 excesserant,

111 3365 232 3421 insidiati
243 3379 308 3422 sunt
322 3368 348 3424 ei
360 3387 368 3423 ε
381 3386 453 3442 qnos
465 3386 526 3423 nou
545 3367 637 3423 solinu
650 3365 763 3441 effugit,
777 3365 825 3420 sed
838 3364 919 3419 etiam
933 3363 1008 3431 ipsos
1025 3439 1028 3446 Ι
