2228 3892
960 152 974 178 l

1004 283 1038 334 35

155 398 336 456 mumque
348 300 705 452 qumquagigyffiffitt,
712 394 796 450 quara
804 376 991 434 Pharndmo
1000 395 1047 434 ιο-

154 469 282 535 ceperat,
294 458 402 514 civibus
413 457 469 513 suis
480 456 577 512 donat

189 621 219 666 V.
237 620 337 679 Conon,
350 615 441 667 Ioniam
453 625 476 664 et
490 616 589 665 AEoliann
602 613 787 664 Atheniensibus
801 613 963 672 restituturus,
977 630 991 664 a

397 685 512 737 Teribazo
531 684 555 733 in
567 683 661 734 rinotala
671 683 803 750 conjicitur.

192 825 317 876 Acmona
327 821 393 878 huic
407 820 486 893 quod
500 819 606 875 caeteris
616 819 799 887 mortalibus,
812 816 845 874 ut
856 817 1047 875 inconsidera-

156 903 211 956 bor
221 899 251 954 iu
260 900 382 955 secundi
390 898 477 972 quim
486 899 516 953 in
526 898 643 954 adversi
655 909 725 955 esset
736 897 859 953 fortuni.
867 898 953 966 Nam,
963 897 1047 954 classe

153 978 428 1053 Peioponnesiorum
441 978 547 1034 deuicti
554 1017 563 1045 ,
577 996 668 1050 quum
681 978 776 1032 ultum
785 995 814 1032 se
826 975 943 1048 injurias
951 976 1047 1050 patria

152 1068 275 1130 putaret,
288 1057 373 1132 plura
385 1055 548 1130 concupivit
559 1055 646 1130 quim
659 1055 770 1110 efficere
782 1054 883 1128 potuit.
896 1054 995 1126 Neque
1008 1066 1047 1109 ta-

152 1153 217 1191 men
229 1154 261 1191 ea
273 1155 332 1191 non
345 1137 391 1210 pia
401 1148 429 1192 et
443 1135 593 1210 probanda
609 1134 739 1203 suerunt,
753 1133 833 1206 quiid
845 1132 939 1206 potihs
950 1133 1046 1206 patriae

152 1232 222 1288 opes
239 1215 336 1288 augeri
356 1214 444 1287 quim
465 1214 539 1287 regis
562 1212 677 1266 maluit:
702 1231 784 1278 nam,
806 1230 896 1287 quum
916 1229 1046 1285 magnam

15 1339 18 1346 ,
84 1290 86 1293 ’
152 1291 348 1347 auctoritatem
365 1293 417 1347 sibi
435 1293 530 1366 pugni
545 1289 593 1346 itta
612 1289 721 1357 navali,
738 1310 823 1364 quam
837 1289 912 1364 apud
924 1290 1046 1345 Cnidum

152 1368 264 1436 fecerat,
274 1370 469 1436 constituisset,
483 1388 543 1424 non
554 1369 646 1424 solhm
659 1368 732 1424 inter
742 1369 888 1436 barbaros,
903 1369 950 1424 sed
963 1369 1045 1424 etiam

151 1447 226 1502 inter
238 1467 335 1504 omnes
348 1449 462 1504 Graeciae
477 1448 613 1515 civitates,
626 1449 697 1502 ciam
712 1450 781 1503 dare
792 1467 908 1521 operam
920 1448 1005 1521 coepit
1016 1458 1047 1504 ut

151 1525 260 1580 Ioniam
281 1538 308 1582 et
328 1527 450 1582 AEoliam
470 1527 630 1582 restitueret
652 1526 878 1580 Atheniensibus.
902 1526 936 1580 Id
957 1544 1046 1598 quum

151 1603 244 1659 minsis
260 1604 410 1679 diligenter
425 1616 494 1662 esset
511 1605 646 1678 celatum,
659 1605 829 1672 Teribazus,
841 1603 892 1676 qui
910 1603 1045 1660 Sardibus

151 1694 285 1756 praeerat,
298 1685 446 1740 Cononem
463 1683 604 1750 evocarit,
617 1683 751 1739 simulans
769 1684 805 1737 ad
823 1701 920 1756 regem
939 1702 1004 1738 eum
1018 1701 1045 1739 se

151 1761 261 1817 ninere
277 1762 365 1830 velle,
379 1764 480 1837 magni
492 1763 528 1817 de
540 1781 582 1818 re.
596 1762 689 1833 Hujus
702 1763 803 1817 nuntio
819 1780 940 1835 parens,
955 1781 1045 1834 quam

66 1899 68 1903 y
150 1840 279 1909 venisset,
288 1840 318 1895 in
331 1842 444 1897 vincula
455 1841 599 1913 conjectus
611 1852 660 1907 est,
668 1839 1042 1913 inquibusaliquandiusuit.

150 1919 221 1975 Inde
232 1921 365 1974 nonnulli
386 1939 451 1975 eum
463 1920 500 1973 ad
511 1938 606 1993 regem
624 1919 779 1974 abductum
790 1919 902 1989 ,ibique
915 1917 1044 1990 periisse,

150 1996 288 2070 seriptum
299 1999 487 2071 reliquerunt.
499 1998 606 2051 Contra
614 2015 661 2066 ea,
673 1994 799 2052 Βίιιοη12
819 1995 970 2052 historicus
977 2036 985 2064 ,
998 1997 1046 2052 cui

150 2092 202 2130 uos
214 2075 371 2147 plurimum
378 2077 413 2131 de
419 2075 534 2131 Persicis
543 2075 628 2130 rebus
634 2076 784 2143 eredimus,
794 2073 921 2149 eiiugisse
927 2075 1043 2150 scripsit.

149 2153 225 2208 Illud
240 2154 404 2223 addubitat,
421 2156 519 2210 utrhm
536 2155 675 2211 Teribazo
689 2155 793 2210 sciente
810 2173 846 2208 an
864 2153 1046 2228 imprudente

149 2230 183 2286 sit
194 2229 306 2287 fuctum.

152 2341 523 2362 muamusmuuoun
533 2346 614 2362 nun
620 2344 735 2362 unwan
743 2343 1040 2360 suxuunununm

521 2431 666 2508 Dtott.

228 2601 286 2649 cu.
306 2603 325 2647 1.
345 2598 408 2647 non
421 2597 497 2647 annis
512 2561 691 2665 aroditarum,
703 2595 798 2648 uttan
811 2606 835 2648 a
848 2598 946 2662 agaae
1035 2669 1039 2678 1

186 2736 277 2801 Dron,
290 2733 440 2808 Hipparini
453 2733 541 2804 filius,
557 2736 763 2809 Syracusanus,
775 2733 865 2789 nobili
877 2751 981 2808 genere
990 2752 1040 2788 na-

147 2821 197 2879 tus,
210 2812 333 2886 utrique
350 2812 508 2887 implicatus
523 2814 672 2888 tyrannide
685 2811 897 2888 Dionysiorum.
911 2813 1040 2885 Namque

145 2888 341 2965 illesupertort
352 2892 577 2959 Aristomachen,
585 2911 714 2948 sororem
720 2891 828 2959 Dionis,
835 2889 968 2945 habuitin
976 2909 1039 2946 ma-

147 2970 327 3039 trimonio,ex
335 2970 390 3043 qni
399 2970 471 3026 duos
481 2970 555 3027 filios
560 2971 764 3046 ,Hipparinum
773 2982 800 3025 et
811 2972 955 3044 Nysaeum,
970 2989 1040 3044 pro-

94 3067 96 3072 ·
145 3048 258 3114 creavit,
266 3047 442 3122 totidemque
453 3048 660 3120 filias,nomine
672 3050 876 3124 Sophrosynen
888 3060 914 3104 et
924 3055 1039 3114 Areten,

146 3141 267 3196 quarum
278 3126 408 3202 priorem
415 3128 552 3204 Dionysio
565 3128 648 3199 fiti02,
663 3129 754 3184 eidem
769 3127 816 3183 cui
833 3146 955 3201 regnum
968 3125 1038 3180 reli-

146 3203 214 3274 quit,
226 3218 349 3280 nuptum
361 3207 454 3276 dedit3
467 3209 597 3273 alteram,
610 3210 726 3276 Areten,
737 3205 832 3262 Dioni.
844 3207 922 3261 Dion
929 3215 1022 3260 antem
1027 3253 1035 3280 ‚

144 3294 250 3355 praeter
262 3285 388 3340 nobilem
401 3287 644 3361 propinquitatem
662 3302 886 3362 generosamque
897 3284 1038 3357 majorum

143 3358 353 3430 samam,mu1ta
369 3364 422 3419 alia
436 3384 452 3419 a
466 3372 566 3420 natura
581 3367 683 3420 habuit
694 3365 784 3420 bona:
795 3362 824 3418 in
839 3362 883 3419 his
896 3363 1038 3440 ingenium
