2228 3892
107 323 142 376 28
179 333 198 346 “
364 317 551 369 CORNELII
568 319 736 368 NEPOTIS

102 415 204 471 mendi
219 411 390 470 exercitiis.»
402 413 501 485 Neque
515 432 548 467 ea
565 432 611 468 res
621 413 703 467 illum
715 413 829 469 fefellite
847 433 914 470 nam
925 416 999 490 Lys-

100 495 220 560 ander,
253 510 343 564 quum
375 510 428 564 per
453 493 643 564 speculatores
670 492 850 565 comperisset
881 494 1000 568 vulgum

108 571 320 627 Atheniensium
334 570 364 624 in
384 580 489 626 terram
501 571 657 643 praedatum
670 575 756 625 exlsse
772 590 914 643 navesque
927 570 1001 645 penb

103 650 203 705 'manes
214 648 332 715 relictas,
345 649 454 722 t'empus
461 649 502 703 rei
512 649 642 724 gerendae
653 669 713 704 non
724 649 836 717 dimisit,
849 668 941 722 eoque
948 649 1002 704 im·

105 739 174 802 petu
189 739 281 783 totum
291 728 400 783 bellum
411 728 522 782 delevit.
559 717 565 736 ‘

122 876 193 922 VIII.
211 872 357 938 Alcibiades,
370 889 411 938 spe
422 872 502 938 patriae
513 872 621 930 orbatus,
631 873 660 921 ad
667 872 844 922 Pharnabazum
853 889 879 922 se
888 871 988 922 confert.

147 1005 192 1060 Ar
206 1003 377 1072 Alcibiades,
389 1002 468 1058 vietis
478 1002 713 1071 Atheniensibus,
727 1023 788 1059 non
802 1002 865 1058 satis
880 1013 939 1058 tuta
951 1023 1001 1059 ea-

103 1081 239 1138 demloca
249 1083 469 1152 sibiarbitratus,
476 1081 587 1156 penitus
595 1082 623 1136 in
634 1080 784 1137 Thraciam
796 1101 825 1136 se
834 1100 920 1156 supra
929 1085 1001 1136 Pro·

103 1161 253 1234 pontidem
271 1161 395 1227 abdidit,
413 1180 528 1235 sperans
546 1160 585 1214 ibi
597 1159 726 1216 facillime
738 1180 816 1215 suam
832 1158 1001 1214 fortunam²7

102 1240 200 1293 occuli
222 1259 318 1312 posse:
339 1241 417 1293 falso.
441 1239 828 1311 NaruThraces,postquam
850 1257 915 1295 eum
936 1255 1003 1296 cunr

105 1317 209 1390 magna
222 1317 340 1390 pecunia
351 1319 458 1372 venisse
470 1328 631 1379 senserunt,
642 1318 754 1372 iusidias
763 1319 787 1372 ei
798 1316 940 1383 lecerunt,
952 1315 1003 1389 qui

107 1412 147 1463 ea,
163 1413 225 1468 quae
237 1399 411 1469 apportarat,
422 1395 614 1461 abstulerunt,
627 1396 888 1468 ipsumcaperenon
896 1405 1001 1469 potue-

107 1486 183 1529 runt.
199 1474 250 1529 Ille
269 1493 388 1530 cernens
407 1474 520 1529 nullum
540 1474 636 1528 locum
652 1474 704 1528 sibi
723 1485 814 1527 tutum
830 1475 857 1527 in
876 1472 1001 1539 Graecid,

107 1565 230 1626 propter
249 1555 404 1626 potentiam
421 1552 718 1619 Lacedaemoniorum,
733 1552 768 1606 ad
788 1551 1001 1607 Pharnabazum

104 1629 137 1684 in
152 1632 246 1686 Asiam
259 1631 374 1685 transiit.
389 1633 481 1698 Quem
493 1631 610 1702 quidem
625 1631 697 1685 adei)
710 1632 758 1685 sud
774 1632 848 1704 cepit
865 1628 1001 1684 humani-

108 1716 162 1764 tate
183 1719 214 1762 ut
235 1728 299 1762 eum
321 1727 404 1764 nemo
427 1708 456 1762 in
476 1708 597 1762 amicitiai
617 1710 803 1763 antecederet.
824 1711 952 1782 Namque
976 1707 1003 1763 ei

108 1787 254 1842 Grunium
265 1787 396 1853 dederat,
409 1786 438 1840 in
448 1787 571 1860 Phrygia
583 1798 721 1851 castrum,
735 1806 767 1840 ex
783 1805 841 1858 quo
859 1788 1003 1859 quinqua-

107 1883 179 1941 gena
194 1866 322 1920 talenta²8
335 1866 476 1940 vectigalis
487 1865 621 1939 capiebat.
635 1866 698 1933 Qud
715 1865 831 1924 fortuna
847 1865 1004 1919 Alcibiades

102 1963 168 1999 non
180 1956 242 1999 erat
257 1956 419 2011 contentus,
432 1963 526 2018 neque
542 1945 667 2000 Athenas
683 1944 769 2000 victas
786 1943 1003 1999 Lacedaemoniis

107 2023 215 2076 servire
230 2034 341 2092 poterat
355 2024 429 2094 pati:
443 2024 536 2094 itaque
549 2024 584 2076 ad
601 2024 720 2095 patriam
738 2024 913 2078 liberandam
926 2021 1003 2077 omni

107 2097 252 2153 terebatur
262 2100 440 2171 cogitatione.
455 2101 511 2154 Sed
520 2100 633 2153 videbat
645 2100 673 2152 id
685 2101 743 2154 sine
757 2100 849 2173 rege²⁹
855 2106 1004 2156 Persarum
1027 2117 1029 2120 ·

103 2196 168 2233 ‘non
183 2195 264 2250 posse
278 2176 357 2244 fieri,
372 2178 492 2249 ideoque
510 2196 574 2231 eum
591 2177 712 2230 amicum
731 2177 782 2231 sibi
801 2179 932 2251 cupiebat
949 2178 1021 2231 ad-'

106 2255 197 2331 iungi.
210 2257 308 2328 Neque
325 2255 472 2310 dubitabat
488 2255 567 2312 facile
585 2275 613 2311 se
630 2267 865 2321 consecuturum,
878 2256 901 2312 si
915 2255 1002 2311 modo

106 2334 169 2408 ejus
186 2335 373 2392 conveniendi
389 2335 532 2390 habuisset
548 2345 728 2408 potestatem:
747 2354 812 2388 nam
828 2336 934 2409 Cyrum
946 2333 1004 2388 fra·

108 2425 181 2470 trem
203 2415 228 2470 ei
247 2415 355 2470 bellum
371 2415 443 2470 clam
463 2432 581 2488 parare,
601 2413 819 2473 Lacedaemoniis
838 2412 1001 2484 adjuvanti-

109 2492 171 2561 bus,
182 2494 293 2547 sciehat.
306 2494 338 2546 Id
348 2494 371 2547 si
383 2494 409 2548 ei
419 2494 581 2572 aperuisset,
591 2512 721 2568 magnam
733 2511 761 2548 se
771 2492 806 2546 ab
819 2510 853 2548 eo
865 2491 1001 2546 initurum

103 2570 385 2644 .gratiam³⁰videbat.
755 2569 763 2577 ”

190 2715 236 2761 tx.
257 2713 327 2778 Apud
338 2712 513 2761 Pharnabazum
523 2711 548 2760 in
558 2711 645 2761 insidiis
655 2700 788 2761 Alcibiades
800 2711 930 2760 conficitur.
956 2757 960 2760 ,

150 2841 216 2895 Heu
228 2859 317 2913 quarm
334 2840 497 2910 moliretur,
513 2852 676 2914 peteretque
692 2861 707 2894 a
724 2839 907 2895 Pharnabazo
924 2847 956 2891 ut
967 2838 1005 2892 ad

111 2935 206 2992 regem
224 2919 397 2986 mitteretur,
414 2920 514 2974 eodem
532 2931 663 2993 tempore
679 2920 779 2974 Critias
797 2916 945 2988 caeterique
958 2926 1004 2989 ty-

110 2999 194 3052 ranni
217 2997 430 3053 Atheniensium
450 3009 542 3051 certos
564 2999 693 3054 homines
716 2999 751 3052 ad
776 2996 954 3070 Lysandrum
974 2994 1005 3048 in

112 3076 205 3132 Asiam
218 3079 362 3143 rniscruut,
376 3077 500 3149 quicum
511 3076 662 3130 certiorem
672 3077 803 3143 iacerent,
815 3074 868 3129 nisi
879 3071 1005 3128 Alcibia-

132 3174 177 3211 em
188 3156 353 3225 sustulisset,
368 3157 438 3210 nihil
453 3174 551 3211 earum
567 3173 666 3210 rerum
684 3154 746 3208 fore
758 3166 851 3209 ratum
864 3171 934 3225 quas
946 3150 1005 3224 ipse
1078 3152 1081 3164 '

113 3235 230 3292 Athenis
239 3234 438 3290 constituisset:
452 3253 551 3307 quaro,
564 3233 586 3288 si
597 3253 659 3290 suas
669 3251 713 3287 res
723 3244 813 3306 gestas
821 3249 935 3286 manere
945 3228 1006 3283 vel-

111 3322 163 3379 let,
176 3313 258 3371 illum
272 3325 499 3390 persequeretur.
513 3313 563 3368 His
574 3315 648 3368 Laco
663 3312 747 3366 rebus
761 3322 934 3375 commotus,
947 3318 1005 3362 sta·

111 3395 165 3451 tuit
177 3395 334 3451 accuratiits
344 3395 396 3451 sibi
409 3392 626 3464 argenturacum
640 3389 835 3446 Pharnabazo.
851 3389 922 3444 Huic
935 3403 1004 3459 ergo

1002 3644 1018 3689 l
