2228 3892
118 401 151 446 lh
380 388 567 436 CORNELII
582 387 746 437 NEPOTIS

117 492 178 559 did,
193 489 269 544 diem
287 495 457 557 noctemque
469 482 572 557 procul
585 482 621 536 ab
631 480 723 536 insult
734 480 764 533 iu
779 479 838 534 salo
850 497 951 534 navem
964 491 1010 535 te·

116 570 179 625 nuit
193 569 223 623 in
240 562 391 632 anchoris,
411 581 504 636 neque
523 579 695 634 quemquam
716 577 750 613 ex
764 559 796 612 ed
817 558 893 614 exire
912 576 1007 631 passus

118 661 165 705 est.
174 646 244 700 Inde
253 645 315 717 Eph
320 643 424 698 esum³⁰
428 642 570 716 pervenit,
578 640 673 713 ibique
682 637 901 693 Themistoclem
912 655 1005 710 expo·-

119 727 193 785 uit³⁰.
206 725 259 780 Cui
276 723 324 778 ille
344 721 519 797 promeritis
537 719 655 794 gratiam
666 728 762 792 postea
777 713 910 773 recutiet.
1016 734 1025 749 ,

218 857 219 860 ’
293 846 339 916 lx.
359 839 521 890 Themistoclis
534 839 563 888 ad
572 835 727 889 Artaxerxem
738 835 830 884 litterae.
929 828 932 835 ⁴

156 937 225 993 Sero
239 935 393 1013 plerosque
414 937 456 994 ita
476 938 636 1015 scripsisse,
651 937 882 1007 Themistoclem,
894 894 1005 998 lxerxe

118 1027 263 1089 regnante,
272 1016 302 1072 in
314 1018 409 1074 Asiam
418 1018 578 1088 transiisse3
587 1017 637 1074 sed
646 1037 698 1093 ego
709 1019 1005 1094 potissimhmThucy·

116 1092 177 1149 didi
185 1095 282 1165 credo,
290 1093 368 1172 quiid
379 1108 461 1153 aetate
471 1101 619 1176 proximus
628 1111 689 1154 erat
700 1097 744 1154 his
753 1099 926 1174 quiillorum
934 1110 1004 1155 tem·

117 1190 219 1245 porum
231 1173 379 1231 historiam
387 1176 575 1252 reliquerunt,
586 1190 615 1235 et
627 1176 757 1252 ejusdem
770 1177 893 1234 civitatis
904 1177 967 1233 luit.
978 1180 1005 1234 ls

116 1263 212 1340 autem
224 1254 264 1307 ait
276 1253 311 1317 ad
325 1259 540 1312 Artaaemiem³²
553 1277 618 1313 eum
628 1257 749 1326 venisse,
762 1271 848 1333 atque
857 1257 901 1314 his
909 1253 1006 1313 verbis

116 1332 267 1405 epistolam
276 1333 424 1392 misissem
435 1334 643 1392 Themistocles
652 1336 718 1390 veni
728 1337 764 1390 ad
776 1349 814 1405 te,
825 1337 873 1410 qui
883 1335 1007 1411 plurima

115 1409 191 1466 mala
212 1411 338 1467 omnium
360 1411 514 1470 Graiorum
526 1413 556 1468 in
578 1412 695 1469 domum
714 1424 794 1468 tuam
809 1415 905 1483 intuli,
917 1408 1007 1488 quum

115 1487 185 1544 mihi
198 1509 315 1547 necesse
326 1492 379 1548 luit
389 1492 527 1551 adversim
535 1506 647 1571 patrem
659 1505 739 1549 tuum
752 1490 860 1548 bellare
873 1493 1006 1567 patriam-

115 1586 172 1642 que
185 1589 277 1655 meam
288 1570 452 1627 defendere.
482 1574 547 1628 dem
560 1569 651 1628 multi>
663 1569 747 1648 plura
759 1569 835 1627 bona
848 1571 914 1642 feci,
925 1584 1006 1647 post·

115 1665 200 1721 quam
212 1649 245 1737 in
261 1661 322 1704 tuto
337 1651 409 1724 ipse,
426 1662 455 1705 et
480 1652 518 1706 lle
535 1651 566 1707 in
581 1651 710 1726 periculo
730 1670 791 1707 esse
810 1650 907 1726 coepit.
923 1653 1007 1723 Nam,

114 1745 238 1801 quumm
247 1728 344 1864 usquam
352 1730 561 1803 revertivellet,
569 1729 670 1806 praelio
681 1731 758 1806 apud
768 1729 1005 1798 Salaminafacto,

114 1803 290 1864 litteriseum
317 1808 1006 1886 ertioremseci‚idagiutpons‚queminHellesr
1047 1801 1061 1872 Ϊ,

114 1898 205 1961 ponto
217 1888 335 1956 fecerat,
350 1887 568 1964 dissolveretur,
584 1902 671 1964 atque
686 1887 721 1945 ah
737 1887 868 1946 hostibus
882 1887 1007 1946 circum·
1075 1904 1077 1907 ’

113 1966 220 2037 iretur3
230 1987 288 2041 quo
298 1971 400 2025 nuntio
409 1969 594 2045 illepericulo
606 1982 648 2026 est
658 1968 805 2026 liberatus.
817 1972 901 2026 Nunc
911 1980 1008 2025 autem

115 2046 230 2118 confugi
248 2046 284 2100 ad
302 2059 340 2110 te,
353 2049 513 2121 exagitatus
529 2066 546 2102 a
561 2049 665 2104 cunctd
679 2050 800 2116 Graecia,
815 2060 893 2104 tuam
908 2060 1008 2123 petens

113 2123 291 2179 amicitiam:
306 2143 392 2199 quam
407 2124 431 2181 si
445 2144 495 2180 ero
510 2126 643 2202 adeptus,
658 2143 715 2179 non
731 2126 824 2181 minus
838 2144 884 2180 me
898 2123 1009 2181 bonum

114 2202 238 2259 amicum
250 2200 370 2260 habebis
380 2207 467 2280 quam
480 2205 584 2261 fortem
595 2203 744 2261 inimicum
752 2204 800 2260 ille
809 2216 945 2280 expertus
954 2214 1006 2260 est.

114 2285 154 2339 Ea
166 2295 262 2338 autem
275 2302 345 2360 rogo
360 2295 393 2340 ut
406 2281 443 2340 de
457 2283 502 2341 his
523 2281 623 2351 rebus,
637 2283 675 2338 de
695 2281 801 2359 quibus
813 2296 910 2339 tecum
926 2283 1009 2358 loqui

114 2363 192 2436 volo,
203 2382 311 2443 annum
326 2363 396 2421 mihi
412 2364 549 2443 temporis
562 2361 623 2434 des,
634 2381 728 2439 eoque
740 2374 897 2434 transacto,
911 2381 957 2419 me
971 2360 1008 2417 ad

115 2452 141 2497 te
154 2443 253 2500 venire
264 2443 412 2521 patiaris.»

82 2576 85 2580 ⁸
138 2562 172 2607 Χ.
193 2554 361 2605 Themistocles
376 2553 479 2614 linguam
493 2553 607 2601 Persicam
621 2477 703 2616 (λείη
722 2525 976 2675 redituqssarundam
1008 2571 1014 2601 ι’
1065 2576 1066 2579 ’

242 2623 336 2672 urbium
349 2620 433 2687 accipit
447 2637 460 2669 a
475 2637 539 2686 rege.
551 2623 606 2688 Ejus
615 2640 677 2672 mors
688 2635 712 2673 et
723 2629 800 2690 sepult
846 2662 852 2675 .

150 2739 243 2795 Huius
257 2755 309 2793 rex
323 2736 408 2791 animi
426 2735 650 2809 magnitudinem
663 2733 817 2800 admirans,
832 2731 1005 2805 cupiensque

112 2818 195 2873 talem
205 2821 300 2873 virum
308 2816 360 2872 sibi
370 2815 526 2883 conciliari,
540 2815 650 2869 veniam
662 2813 773 2868 dedit33.
780 2811 831 2866 Ille
837 2828 922 2865 omne
933 2809 1003 2863 illud

233 2897 333 2952 litteris
348 2894 529 2966 sermonique
545 2892 801 2948 Persarumdedit:
814 2889 917 2962 quibus
932 2887 1004 2944 adel)

103 2892 239 3117 Ὠ
258 2988 297 3031 est
318 2988 349 3031 ut
372 2975 462 3029 multo
481 2972 657 3028 commodius
680 2972 789 3027 dicatur
812 2969 889 3042 apud
909 2986 1005 3042 regem

225 3056 310 3113 ecisse
322 3055 410 3128 quam
423 3055 453 3107 hi
464 3062 599 3133 pomrant
610 3051 660 3123 qui
675 3050 704 3103 in
718 3048 833 3103 Perside
845 3058 926 3102 erant
937 3046 1004 3102 nati.

113 3135 172 3200 Hier
180 3156 268 3208 quum
280 3136 369 3190 multa
381 3133 441 3206 regi
462 3143 530 3186 esset
545 3130 701 3204 pollicitus,
713 3126 957 3201 gratissimumque
969 3125 1006 3179 il-

113 3214 179 3280 lud,
198 3216 220 3270 si
238 3215 292 3271 suis
305 3215 347 3270 uti
362 3210 484 3269 consiliis
499 3211 597 3279 vellet,
610 3210 692 3264 illurn
709 3206 846 3262 Graeciam
863 3205 939 3260 bello
952 3223 1007 3278 op-

115 3312 292 3366 pressurum,
304 3293 412 3369 magnis
424 3289 590 3346 muneribus
606 3290 641 3343 ab
658 3292 816 3344 Artaxerxe
829 3285 965 3351 donatus,
977 3283 1008 3338 in

88 3380 89 3384 ’
116 3365 998 3445 hsimnrodiit,domiciliumqueMagnesiae³⁴sibiconstituit.Nam

99 3452 243 3511 qoeham·
249 3448 353 3504 urbem
361 3454 446 3508 eirex
456 3451 592 3526 dondrat,
602 3448 648 3508 his
655 3465 723 3508 usus
732 3443 837 3514 verbi&
845 3463 911 3520 quoe
920 3443 1007 3517 et'pa·
