2228 3892
77 304 113 360 36
338 300 508 347 conanum
532 297 694 347 auroris

73 395 182 464 docile,
196 413 293 462 come,
305 405 403 469 aptum
415 393 451 450 ad
468 407 541 450 artes
555 395 686 468 optimas3
698 414 830 469 magnam
841 382 971 473 eorporis

73 474 253 549 dignitatem,
274 491 337 546 quae
358 491 417 528 non
438 474 586 528 minimirm
605 475 838 543 commendatur,
858 496 971 551 magnas

75 564 210 628 praeterea
226 552 335 608 divitias
354 572 370 606 a
384 562 466 626 patre
480 553 603 620 relictas,
622 572 691 626 quas
704 553 763 626 ipse
776 556 889 628 tyranni
905 575 971 611 mu-

74 632 189 687 neribus
199 642 325 687 auxerat.
338 632 408 685 Erat
420 631 534 686 intimus
546 632 684 706 Dionysio
694 632 804 705 priori,
817 652 909 706 neque
919 635 968 689 mi·

74 712 126 766 nias
134 721 255 784 propter
262 729 356 765 mores
365 709 452 783 quaim
462 709 635 765 affinitatem.
644 712 835 782 Namque,etsi
843 713 968 787 Dionysii

73 789 224 844 crudelitas
242 789 295 862 ipsi
319 789 497 863 displicebat,
517 800 610 844 tamen
629 791 738 857 salvum
767 809 824 846 esse
851 803 968 866 propter

74 868 328 936 necessitudinem,
343 868 435 941 *magis
454 868 537 923 etiam
562 870 693 924 suorum³
710 870 808 937 causi,
832 870 970 925 studebat.

75 946 180 1002 aderat
198 947 226 1000 in
240 948 348 1021 magnis
360 948 460 1016 rebus3
473 947 589 1020 ejusque
605 947 722 1003 consilio
735 949 856 1004 multiam
869 967 970 1004 move-

74 1025 157 1081 batur
166 1037 311 1100 tyrannus,
320 1026 373 1082 nisi
385 1028 441 1100 qud
452 1025 482 1081 in
494 1046 525 1082 re
534 1029 627 1098 major
637 1027 867 1101 ipsiuscupiditas
878 1028 968 1082 inter-

73 1118 199 1161 cesserat.
216 1107 383 1180 Legationes
395 1106 465 1161 verd
479 1126 591 1174 omnes,
605 1126 667 1179 quae
680 1118 771 1162 essent
781 1106 968 1174 illustriores,

73 1198 125 1257 per
138 1185 261 1238 Dionem
274 1185 558 1252 administrabantur3
569 1205 640 1258 quas
652 1187 768 1259 quidem
785 1185 832 1239 ille
844 1185 968 1260 diligen-

74 1270 117 1317 ter
130 1263 275 1330 obeundo,
287 1262 409 1318 fideliter
421 1265 659 1333 administrando,
671 1263 898 1320 crudelissimum
910 1283 968 1319 no-

73 1358 137 1395 men
155 1341 267 1414 tyranni
288 1343 338 1395 suit
351 1341 525 1396 humanitate
540 1344 659 1415 tegebat.
672 1345 776 1409 Hunc,
796 1365 812 1398 a
830 1344 969 1418 Dionysio

74 1419 834 1494 missum,Cartltaginiensessuspexerunt,utneminem
843 1442 969 1497 unquam

73 1499 172 1554 Graeca
187 1499 283 1573 linguai
295 1500 460 1572 loquentem
472 1499 559 1575 magis
573 1500 628 1554 sint
638 1499 776 1555 admirati.

95 1633 128 1678 11.
145 1629 208 1678 Dion
220 1630 329 1694 impetrat
342 1640 367 1678 ut
381 1631 448 1678 Plato
462 1631 600 1681 adducatur.
617 1630 695 1694 Regni
706 1640 785 1696 sperat
798 1629 944 1681 divisionem,

111 1752 214 1816 Naoura
223 1752 293 1806 vero
304 1752 364 1807 haec
374 1751 543 1826 Dionysium
556 1751 710 1824 fugiebant.
721 1753 793 1806 Nam
803 1763 911 1824 quanto
921 1772 968 1808 es·
1015 1744 1017 1752 ’

73 1842 113 1886 set
134 1829 187 1885 sibi
213 1842 381 1886 ornamento
404 1829 559 1886 sentiebat:
583 1849 642 1903 quo
665 1828 751 1884 fiebat
774 1840 806 1885 ut
829 1830 881 1885 uni
901 1830 968 1887 huic

74 1907 192 1965 maxime
207 1909 384 1984 indulgeret,
397 1928 489 1981 neque
502 1928 568 1964 eum
582 1928 661 1964 secus
674 1909 804 1983 diligeret
822 1927 853 1964 ac
867 1907 957 1964 filium

73 1987 128 2056 Qui
141 1988 272 2060 quidem,
292 2008 382 2061 quum
394 1989 541 2043 Platonem
556 1989 713 2043 Tarentum
729 1988 836 2044 venisse
852 1987 926 2043 fama
938 1987 970 2043 in

73 2065 194 2122 Siciliam
206 2077 276 2120 esset
287 2066 409 2137 perlata,
423 2065 598 2122 adolescenti
608 2079 713 2133 negare
725 2081 785 2116 non
796 2065 891 2136 potuit
903 2067 972 2135 quin

73 2153 140 2197 cum
154 2147 320 2206 arcesseret,
333 2156 421 2210 quum
437 2138 515 2193 Dion
527 2139 587 2209 ejus
604 2138 739 2192 audiendi
751 2140 904 2212 cupiditate
918 2139 972 2196 ila-

73 2217 340 2293 graretDeditergo
350 2217 416 2271 huic
426 2217 558 2284 veniant,
564 2218 722 2290 magnique
732 2236 797 2271 enm
804 2217 971 2274 ambitione⁵

75 2301 225 2372 Syracusas
238 2297 383 2371 perduxit.
397 2298 488 2364 Quem
498 2296 576 2350 Dion
585 2296 657 2350 adeo
669 2296 823 2352 admiratus
835 2307 876 2352 est
887 2309 971 2370 atque

74 2377 214 2432 adamavit
224 2387 255 2431 ut
266 2396 295 2432 se
309 2387 399 2431 totum
413 2376 437 2430 ei
447 2375 578 2436 traderet.
592 2377 691 2447 Neque
703 2377 773 2430 veris
785 2376 878 2431 minias
891 2377 970 2431 Plato

74 2448 227 2511 delectatus
240 2467 280 2512 est
290 2457 391 2510 Dione.
413 2457 526 2528 Itaque,
542 2473 634 2527 quum
653 2474 669 2508 a
689 2455 827 2529 Dionysio
848 2465 970 2529 tyranno

74 2535 358 2592 crudelitcrviolatus
364 2533 656 2609 esset⁶(quippeq11em
662 2533 961 2610 venundarijussisset)

76 2623 169 2666 tamen
183 2613 283 2667 eodem
302 2612 401 2679 rediit,
419 2612 544 2682 ejusdem
561 2612 661 2669 Dionis
677 2613 810 2687 precibus
824 2613 970 2668 adductus.

74 2690 193 2748 Interim
206 2692 234 2744 in
258 2692 393 2746 morbum
407 2690 506 2745 incidit
526 2691 685 2763 Dionysius.
706 2694 771 2759 Quo
784 2710 874 2763 quum
891 2692 970 2763 gravi

74 2767 295 2839 conflictaretur,
309 2770 435 2842 quaesivit
447 2790 462 2824 a
473 2769 587 2824 medicis
599 2769 675 2823 Dion
691 2769 954 2840 quemadmodums

76 2851 211 2920 haberet,
222 2850 361 2922 simulque
374 2850 409 2903 ab
420 2850 465 2904 his
477 2850 568 2924 petiit,
583 2849 624 2903 «si
635 2847 708 2903 forte
720 2847 823 2919 majori
835 2857 905 2902 esset
915 2865 968 2920 pe-

76 2931 179 2998 riculo,
188 2943 219 2984 ut
233 2930 284 2986 sibi
302 2928 466 2983 faterentur.
484 2930 557 2983 Nam
568 2925 651 2982 vellc⁷
669 2947 698 2982 sc
711 2947 776 2982 cum
794 2945 829 2982 eo
843 2926 961 2998 colloqu

76 3012 112 3068 de
123 3011 274 3085 partiendo
289 3028 394 3083 regno,
404 3007 484 3079 quod
497 3007 605 3061 sororis
620 3026 676 3060 suae
688 3006 762 3062 filios
778 3025 813 3061 ex
826 3006 876 3061 illo
890 3016 970 3061 natos

77 3101 186 3164 partem
198 3089 280 3162 regni
292 3088 408 3162 putabat
416 3087 521 3141 debere
532 3085 648 3139 habere.
658 3109 669 3133 u
677 3086 724 3140 1(18
736 3085 837 3140 medici
848 3103 909 3141 nou
923 3096 968 3139 ta-
1041 3136 1045 3143 ,

78 3180 213 3237 currunt,
230 3179 257 3223 et
273 3167 309 3221 ad
327 3166 495 3240 Dionysium
514 3163 606 3220 filium
623 3182 784 3218 sermonem
801 3163 970 3218 retulerunt.

79 3249 144 3315 Quo
157 3249 203 3303 ille
217 3257 387 3312 commotus,
400 3264 435 3300 ne
450 3245 550 3318 agendi
564 3263 629 3300 cum
644 3261 678 3297 eo
693 3253 763 3297 esset
774 3241 862 3297 Dioni
874 3253 973 3317 potes·
1048 3241 1052 3257 '

79 3336 127 3393 tas,
137 3328 212 3399 patri
224 3345 356 3401 soporem
365 3324 490 3379 medicos
502 3324 570 3379 dare
578 3322 676 3396 coegit.
684 3323 746 3377 Hoc
759 3339 832 3398 aeger
843 3332 971 3398 sumpto,

80 3416 123 3460 11²⁹
131 3423 235 3460 somno
249 3404 372 3469 ⁵⁰Pllu⁵2
387 3407 461 3465 diem
474 3407 545 3464 obiit
555 3399 745 3476 supretuum⁹.
