2228 3892
474 293 577 339 DION.
942 285 971 338 37

88 385 128 436 tn.
147 384 213 434 Dion
229 382 328 432 ollendit
341 383 455 434 minorem
469 383 623 450 Dionysium
638 382 741 433 Platonis
754 384 856 434 reditum
875 382 967 436 obtinet

367 495 368 498 =
387 467 409 516 ei
422 467 534 516 Philistus
545 469 688 517 adversatur.

123 617 202 670 Tann
214 615 328 671 initium
345 615 400 670 luit
416 615 516 670 Dionis
532 627 560 671 et
573 617 702 693 Dionysii
714 618 875 686 simultatis;
890 637 976 691 eaque

83 695 177 750 multis
192 696 280 750 rebus
291 707 372 750 aucta
388 706 428 749 est
435 733 443 761 ‚
455 695 504 750 sed
523 706 615 749 tamen
629 697 728 769 primis
738 697 914 770 temporibus
926 697 973 751 ali·

82 773 209 845 quandiu
231 773 359 828 simulata
381 773 455 827 inter
480 791 528 827 eos
546 774 665 828 amicitia
692 775 800 831 mansit.
825 777 976 849 Quumque

81 852 158 906 Dion
171 871 231 905 non
250 851 395 905 desisteret
417 852 565 907 obsecrare
587 855 757 928 Dionysium
780 865 812 908 ut
830 855 976 910 Platonem

84 929 200 985 Athenis
216 942 381 997 arcesseret,
397 942 425 985 et
440 931 500 1003 ejus
519 931 641 987 consiliis
653 945 790 1000 uteretur,
806 932 868 1001 ille,
882 933 932 1006 qui
947 934 976 988 ia

82 1009 175 1082 aliqud
183 1028 214 1065 re
225 1009 310 1064 vellet
321 1006 430 1082 patr'em
442 1010 559 1077 imitari,
568 1030 679 1067 morem
685 1014 711 1067 ei
719 1009 835 1086 gessitto.
848 1011 976 1064 Eodem-

80 1106 136 1160 que
149 1099 277 1162 tempore
298 1088 469 1144 Philistum¹¹
487 1089 655 1144 historicum
673 1092 825 1164 Syracusas
846 1087 975 1156 reduxit,

81 1166 226 1222 hominem
246 1167 367 1221 amicum
396 1186 457 1222 noa
476 1168 565 1239 magis
584 1179 709 1240 tyranno
730 1166 816 1240 quam
840 1166 967 1240 tyrannis

78 1245 135 1300 sed
147 1246 183 1301 de
199 1245 258 1299 hoc
274 1245 304 1297 in
317 1264 351 1299 eo
363 1264 427 1299 meo
442 1243 545 1298 ΙὶΙηο12
554 1246 638 1318 plura
648 1256 713 1300 sunt
733 1243 859 1318 exposita
879 1243 976 1318 quide

78 1323 220 1378 historicis
232 1323 409 1396 conscriptus
421 1333 469 1377 est.
485 1323 565 1377 Plato
583 1337 676 1380 autem
690 1325 799 1379 tantiam
815 1324 891 1397 apud
902 1323 976 1379 Dio·
1047 1340 1055 1354 ⁸

79 1401 191 1476 nysium
203 1401 369 1455 auctoritate
381 1401 474 1474 potnit
486 1403 630 1475 valuitque
647 1402 808 1477 eloquentid
822 1413 854 1457 ut
868 1402 893 1457 ei
907 1421 976 1476 per-

78 1480 197 1536 suaserit
217 1480 374 1554 tyrannidis
389 1480 483 1535 facere
501 1480 603 1549 finem,
623 1483 838 1553 libertatemque
854 1480 976 1536 reddere

79 1559 268 1632 Syracusanis.
282 1560 376 1630 Aqua
389 1559 535 1613 voluntate
549 1560 658 1615 Philisti
671 1560 792 1616 consilio
804 1557 975 1628 deterritus,

78 1637 223 1712 aliquanto
236 1638 383 1694 crudelior
395 1656 452 1693 esse
467 1638 560 1711 coepit.

143 1806 174 1850 tv
206 1804 269 1851 Dion
283 1801 421 1851 (lorintlnnn
436 1802 586 1867 deportatur;
601 1818 660 1850 uuor
673 1801 772 1849 traditur
782 1799 838 1860 alii,
848 1799 910 1849 filins

444 1871 608 1937 corrumpitur.

118 2005 176 2070 Qun
187 2002 304 2074 quidem
311 2020 400 2073 quum
411 2020 428 2054 a
436 2001 529 2055 Dione
542 2018 570 2054 se
582 1999 711 2073 superari
722 1999 833 2054 videret
845 1997 973 2070 ingenio,

78 2081 253 2147 auctoritate,
266 2098 363 2134 amore
377 2080 487 2153 populi,
501 2098 602 2135 verens
611 2097 657 2146 ne,
671 2078 693 2133 si
705 2097 770 2133 eum
781 2094 875 2132 secum
886 2075 974 2131 habe·

78 2172 134 2228 ret,
147 2160 270 2233 aliquam
284 2159 460 2214 occasionem
472 2160 515 2214 sui
527 2159 609 2214 daret
621 2156 818 2232 opprimendi,
831 2174 933 2210 navem
948 2156 974 2212 ei

77 2240 221 2294 triremem
237 2239 331 2304 dedit,
344 2239 401 2310 qud
418 2238 589 2292 Corinthum
607 2237 809 2304 deveheretur,
823 2233 973 2290 ostendens

77 2336 106 2372 se
118 2318 148 2372 id
160 2319 308 2388 utriusque
322 2316 414 2371 lacere
426 2318 521 2384 causd,
534 2335 586 2384 ne,
598 2334 688 2388 quum
701 2315 776 2369 inter
788 2332 816 2367 se
828 2313 972 2380 timerent,

78 2397 212 2460 alteruter
227 2396 348 2450 alterum
363 2405 585 2468 praeoccuparet.
607 2394 641 2447 ld
660 2411 750 2463 quum
769 2390 872 2447 factum
890 2389 972 2444 multi

77 2475 304 2548 indignarentur,
310 2491 476 2546 magnaeque
485 2481 555 2525 esset
565 2468 701 2524 invidiae¹³
709 2479 847 2542 tyranno,
858 2467 971 2541 Diony·

77 2552 133 2609 sius
145 2553 255 2619 omnia,
271 2570 335 2622 quse
347 2550 457 2605 moveri
468 2559 616 2623 poterant,
628 2547 728 2602 Dionis
739 2547 769 2601 in
781 2564 866 2600 naves
875 2545 971 2620 impo-

78 2631 147 2697 suit,
160 2631 197 2685 ad
213 2647 336 2701 eumque
356 2629 446 2684 misit:
463 2628 502 2683 sie
516 2627 591 2682 enim
607 2626 760 2682 existimari
774 2625 888 2680 volebat
901 2625 931 2679 id
944 2643 973 2680 sc

77 2728 136 2764 non
156 2710 224 2765 odio
238 2709 378 2776 hominis,
393 2708 442 2763 sed
455 2726 511 2763 suae
533 2705 631 2761 salutis
651 2704 746 2762 fecisse
765 2704 856 2760 causl.
874 2706 972 2760 Postea

78 2788 247 2862 veroquam
263 2788 375 2843 audivit.
386 2806 451 2842 eum
464 2787 493 2840 in
507 2786 706 2858 Peloponneso
720 2803 837 2838 manum
852 2802 970 2855 compa-

77 2886 156 2936 rare,
169 2869 279 2941 sibique
291 2866 399 2921 bellum
415 2866 506 2920 facere
520 2864 634 2932 conari,
647 2867 768 2931 Areten,
782 2863 884 2917 Dionis
895 2880 972 2915 uxo-

76 2966 154 3015 rem,
166 2947 213 3004 alii
232 2956 355 3020 nuptum
371 2945 464 3013 dedit,
476 2943 624 3016 filiumque
638 2942 699 3020 ejus
712 2944 750 2998 sic
762 2939 877 2997 educari
892 2938 972 3010 jussit

78 3037 117 3094 ut,
126 3026 312 3100 indulgendo,
321 3023 487 3098 turpissimis
496 3023 673 3078 imbueretur
681 3019 890 3094 cupiditatibus.
899 3019 971 3073 Nam

77 3121 163 3178 puer,
176 3105 341 3178 priusquam
350 3104 440 3179 pubes
451 3114 529 3172 esset,
541 3103 608 3157 vino
618 3101 764 3175 epulisque
779 3097 954 3154 obruebatur
965 3116 973 3164 ;

78 3199 169 3256 neque
187 3185 278 3252 ullum
297 3196 408 3258 tempus
426 3182 523 3239 sobrio
543 3180 766 3252 relinquebatur.
784 3179 811 3233 Is
827 3193 916 3248 usque
936 3174 971 3230 eb

78 3261 139 3317 vitae
154 3274 254 3319 statum
268 3274 473 3319 commutatam
486 3261 561 3315 ferre
578 3277 639 3315 non
655 3259 764 3334 potuit,
777 3267 927 3330 postquam
942 3253 971 3308 in

78 3343 196 3414 patriam
209 3343 293 3400 rediit
308 3353 386 3418 pater
400 3340 540 3419 (namque
551 3338 673 3415 appositi
684 3347 765 3395 erant
780 3331 910 3390 custodes
923 3330 972 3406 qui
