2228 3892
113 321 141 372 l!
366 321 555 370 CORNELII
574 320 735 372 NEPOle

111 417 308 480 mulctantam
324 431 442 486 eamque
463 412 504 468 illi
524 413 615 488 legem
628 413 801 468 oblivionem
812 416 995 490 appelllrunt

107 498 206 567 Neque
217 491 286 547 verb
298 491 372 546 hanc
388 492 498 547 tanturn
509 491 655 547 ferendam
669 493 792 560 curavit,
805 495 855 549 sed
867 496 958 567 etiam,
971 507 1000 554 ut

111 571 222 638 raderet,
238 569 337 626 effecit.
349 571 430 638 Nam,
446 589 535 644 quum
547 570 663 644 quidam
675 590 710 626 ex
724 571 776 640 his,
789 573 839 645 qui
846 573 929 629 simul
935 594 1000 630 eum
1036 576 1039 585 '

105 649 179 707 essin
191 649 288 704 exsilio
295 649 416 718 fuerant,
428 649 534 705 caedem
542 649 633 705 lacere
641 669 742 705 eorum
752 651 857 706 vellent
867 641 1011 726 eumqui-³
1052 648 1055 652 ’

105 728 1001 805 barsingratiamreditumerat,publice¹¹prohibuit,etid,quod

106 807 247 882 pollicitus
259 818 328 874 erat,
342 807 477 881 praestitit

104 958 147 1006 tv.
165 955 327 1022 Thrasybulus
339 957 425 1004 corona
438 955 505 1004 oltra
515 993 521 1016 ,
533 972 582 1004 non
590 955 659 1004 aliter
668 956 998 1020 acPittacusagellomodioe,

379 1034 503 1075 contentus
516 1024 568 1074 luit.
584 1025 734 1074 interficitur.

142 1163 230 1230 Huic,
245 1182 300 1236 pro
314 1162 396 1218 tantis
408 1161 530 1232 meritis,
542 1161 661 1217 honoris
669 1180 779 1217 corona
790 1161 926 1236 apopulo
935 1161 1000 1218 date

103 1250 157 1305 est,
170 1240 241 1295 facta
254 1241 363 1296 duabus
382 1241 500 1314 virgulis
515 1240 661 1314 oleaginis.
675 1243 760 1309 Quae,
776 1241 856 1314 qubd
868 1259 949 1295 amor
957 1240 999 1295 ci-

104 1317 197 1385 vium,
207 1339 267 1373 non
280 1320 321 1374 vis
333 1330 528 1391 expresserat,
540 1320 649 1374 nullam
659 1319 760 1374 habuit
773 1319 923 1388 invidiam,
937 1338 999 1374 ma-

102 1414 215 1471 gnaque
236 1396 406 1471 suitlgloria.
425 1399 501 1452 Bene
524 1416 592 1471 ergo
614 1398 734 1452 Pittacus
754 1399 814 1467 ille,
828 1399 878 1471 qui
893 1409 997 1472 septem

103 1477 266 1550 Sapienturn
276 1495 399 1532 numero
412 1488 452 1532 est
464 1476 590 1546 habitus,
603 1495 692 1549 quum
703 1477 727 1530 ei
739 1476 893 1552 Mitylenaei
911 1476 1000 1546 multa,

102 1555 189 1610 millia
206 1555 339 1629 jugerum
360 1557 422 1629 agri
441 1555 555 1611 muneri
570 1557 671 1611 darent
684 1575 690 1610 :
704 1555 839 1622 «Nolite,
855 1550 909 1610 oro
927 1573 997 1626 vos,

103 1633 208 1706 inquit,
219 1634 248 1687 id
260 1635 331 1688 mihi
352 1635 421 1688 dare
440 1634 520 1706 quod
536 1634 617 1687 multi
630 1634 788 1701 invideant,
802 1634 900 1709 plures
916 1635 999 1699 etiarn

103 1713 310 1785 concupiscant.
326 1714 421 1780 Quare
433 1731 468 1766 ex
488 1711 544 1766 istis
565 1711 634 1766 nolo
652 1713 773 1784 amplius
785 1712 872 1784 quam
885 1724 999 1770 centum

101 1788 215 1865 jugera,
228 1809 291 1862 quae
303 1801 330 1845 et
343 1809 435 1844 meam
442 1789 528 1844 animi
536 1789 881 1862 aequitatem¹²etvestram
892 1790 998 1848 voluu-

103 1879 187 1925 tatem
197 1870 336 1924 indicent:
349 1888 416 1924 uam
428 1889 515 1944 parva
527 1886 662 1938 munera,
684 1869 792 1924 diutina
799 1889 807 1938 ;
829 1869 998 1943 loeupletiatt

102 1967 162 2005 non
173 1947 318 2023 propria¹³
332 1967 389 2004 esse
401 1959 618 2015 consueverunt.
632 1948 703 2003 »litt
712 1948 797 2023 igitur
807 1950 914 2004 corona
924 1966 997 2004 eon-1

102 2037 195 2081 tentus
219 2026 433 2099 Thrasybulus,
455 2046 549 2098 neque
572 2027 692 2099 amplias
716 2028 883 2099 requisivit,
904 2043 996 2100 neque

102 2121 275 2175 quemquam
296 2103 410 2158 honore
428 2121 457 2158 se
472 2103 648 2158 antecessisse
669 2104 842 2160 existimavit.
861 2106 927 2174 llic,
951 2121 997 2160 se-

101 2181 201 2254 quenti
213 2191 357 2254 tempore,
372 2200 461 2253 quum
471 2191 579 2256 praetor
590 2180 706 2236 classem
717 2182 752 2235 ad
766 2182 892 2236 Ciliciam
905 2201 998 2255 appu-

101 2259 187 2328 lisset,
198 2278 291 2332 neque
300 2259 364 2315 satis
371 2259 519 2334 diligenter
530 2259 561 2314 in
572 2259 667 2314 eastris
675 2259 891 2334 ejusagerentur
899 2259 998 2334 vigiliae

102 2338 257 2394 abarbaris
265 2381 278 2408 ,
286 2358 321 2395 ex
335 2339 443 2414 oppido
457 2349 546 2395 noctu
557 2338 710 2413 eruptione
720 2337 808 2411 facte,
823 2339 854 2394 in
866 2338 997 2396 taberna·
1070 2401 1079 2411 ‚
1093 2376 1096 2381 -

101 2418 167 2475 culo
179 2418 341 2475 interfectus
354 2429 401 2477 est

105 2561 732 2584 uzummssmzummmmwwsmun
736 2565 762 2581 u
766 2562 947 2581 §livum
951 2561 995 2580 Μ

546 2590 553 2600 ³
921 2590 923 2592 .

456 2657 642 2756 couou

190 2806 248 2854 Car.
268 2808 287 2852 Ι.
306 2806 388 2852 Conon
402 2803 571 2870 Peloponnesio
585 2801 647 2851 bello
660 2801 766 2867 egregius
778 2767 887 2852 bellator.

143 2925 253 2994 Coros,
263 2923 449 2993 Atheniensis,
458 2925 666 2998 Peloponnesio
675 2924 751 2978 bello
762 2921 873 2978 accessit
878 2922 913 2977 ad
919 2940 993 2977 rem-

103 3003 262 3080 publicam,
281 3005 310 3058 in
319 3022 412 3076 eoque
420 3005 480 3074 ejus
490 3021 578 3076 opera
587 3003 683 3076 magni
692 3004 759 3057 fuit:
774 3022 840 3058 natu
852 3012 879 3056 et
890 3012 996 3075 praetor

104 3083 280 3158 pedestribus
303 3081 472 3138 exercitibus
493 3080 620 3155 praefuit,
646 3092 674 3135 et
688 3081 837 3154 praelectus
849 3080 941 3135 classis
952 3099 997 3136 res

104 3181 217 3237 magnas
235 3162 306 3215 utari
325 3161 416 3234 gessit.
434 3163 509 3229 Quas
528 3160 566 3215 ob
580 3178 674 3214 causas
694 3160 853 3232 praecipuus
865 3159 889 3212 ei
904 3159 997 3215 houoa

104 3239 216 3297 babitus
237 3252 283 3297 est.
305 3243 433 3311 Namque
453 3239 585 3294 omnibus
603 3257 676 3292 unus
700 3237 797 3291 iusul's
809 3235 940 3310 praefuit3
966 3237 995 3292 in

104 3321 160 3392 qua
174 3332 309 3393 potestate
323 3317 439 3375 Pherasl
456 3318 544 3390 cepit,
560 3318 701 3372 coloniam
708 3315 995 3374 Lacedaemoniorum.

105 3397 168 3453 Fuit
185 3400 267 3453 etiarn
290 3412 417 3457 extremo
438 3397 646 3471 Peloponnesio
664 3396 741 3451 bello
765 3407 885 3470 praetor,
907 3412 965 3468 quu
