2228 3892
327 359 356 407 r.
378 343 600 406 ronrorvrus
618 359 786 406 urricus.
962 348 1000 396 101

113 463 141 509 et
150 450 247 508 Latine
260 451 300 508 sio
311 461 343 505 ut
355 449 441 525 supra
457 449 528 504 nihil
540 461 633 524 posset
644 449 719 505 addi.
733 451 843 520 Quibus
856 451 940 507 rebus
950 453 1005 508 lac·

113 541 172 586 tum
184 541 225 586 est
237 541 268 585 ut
281 530 360 586 Sulla
372 548 519 602 nunquam
534 547 599 583 eum
609 528 681 584 absc
692 529 855 598 dimitteret,
869 543 1005 604 cuperet*

112 626 168 682 que
174 627 269 665 secum
279 608 428 663 deducere.
438 607 765 680 Quiquumpersuadere
773 619 893 663 tentaret
903 629 909 663 :
918 610 1004 680 «Noli,

112 704 165 743 oro
177 698 220 755 te,
232 686 326 758 inquit
336 686 526 760 Pomponius,
539 676 688 740 adversum
701 705 748 740 eos
760 705 805 740 me
817 687 889 742 velle
901 688 1005 745 ducere

111 774 176 821 cum
188 763 314 839 quihustt
326 782 362 820 nc
376 775 476 819 contra
487 774 514 819 tc
525 782 604 819 arma
616 765 736 834 ferrem,
748 766 858 819 Italiam
871 767 1003 840 reliqui.»

111 847 149 899 At
160 844 253 910 Sulla,
266 842 449 899 adolescentis
467 841 564 899 officio
578 843 755 911 collaudato,
771 845 864 898 omnia
883 864 1003 901 munera

111 922 149 990 ei,
163 941 226 995 quae
240 923 359 978 Athenis
369 932 529 995 acceperat,
541 921 723 996 proficiscens
733 923 814 994 jussit
823 923 937 978 deferri.
951 925 1003 989 Hic

111 1001 273 1075 complures
284 1020 374 1057 annos
391 1013 531 1069 moratus,
545 1020 634 1074 quum
651 1013 678 1055 et
693 1002 736 1055 rei
751 1001 882 1054 familiari
894 1013 1003 1056 tantum

111 1098 205 1154 oper-‘e
219 1081 300 1136 daret
311 1091 449 1153 quantum
465 1100 525 1135 non
544 1080 693 1152 indiligens
707 1079 824 1135 deberet
835 1080 1002 1152 paterfami-

110 1158 174 1226 lias,
187 1169 215 1214 et
226 1160 320 1213 omnia
333 1159 443 1231 reliqua
462 1170 589 1231 tempora
607 1169 655 1210 aut
673 1157 771 1210 litteris
783 1169 830 1211 aut
842 1158 1001 1214 Athenien·

109 1237 181 1292 sium
208 1237 372 1309 reipublicae
396 1237 549 1303 tribueret,
573 1235 758 1290 nihilominus
780 1236 873 1292 amicis
894 1239 1003 1293 urbana

109 1313 203 1370 officia
217 1316 353 1388 praestitit.
367 1316 439 1369 Nam
452 1315 526 1370 etad
541 1314 653 1370 comitia
671 1333 772 1369 eorum
785 1317 942 1384 ventitavit,
958 1328 1000 1386 et,

108 1393 132 1448 si
150 1412 265 1467 quares
281 1394 374 1465 major
392 1405 452 1450 acta
468 1406 525 1462 est,
537 1412 598 1448 nou
609 1393 706 1448 defuit.
724 1394 802 1448 Sicut
816 1395 962 1460 Ciceroni,
972 1395 1002 1450 in

109 1471 241 1528 omnibus
253 1472 312 1544 ejus
324 1473 465 1546 periculis,
477 1472 649 1546 singularem
663 1471 749 1525 fidem
761 1472 896 1544 praebuit:
911 1475 957 1528 cui
968 1493 1002 1528 ex

108 1551 198 1625 patria
207 1550 352 1625 fugienti¹2
363 1551 521 1608 sestertium
533 1551 653 1606 ducenta
665 1562 692 1605 et
704 1550 907 1624 quinquaginta
915 1552 1001 1607 millia

108 1629 232 1684 donavit.
248 1631 451 1703 Tranquillatis
462 1640 556 1685 autem
572 1630 659 1686 rebus
671 1631 823 1696 Romanis,
837 1631 1003 1704 remigravit

108 1710 243 1776 Romam,
255 1721 287 1764 ut
299 1711 412 1782 opinor,
419 1711 451 1764 L.
466 1708 549 1765 Cottal
562 1720 589 1763 et
606 1710 637 1763 L.
656 1710 803 1781 Torquato
822 1728 891 1764 coss.
909 1713 1000 1778 Quem

107 1786 182 1844 diem
202 1788 240 1844 sic
253 1789 384 1843 universa
403 1789 497 1844 civitas
517 1788 733 1842 Atheniensium
752 1800 901 1861 prosecuta
919 1799 958 1842 est
970 1798 1003 1842 ut

107 1867 237 1942 lacrymis
249 1867 381 1920 desiderii
395 1867 485 1921 futuri
499 1867 631 1920 dolorem
644 1866 790 1920 indicaret.

183 1997 217 2042 V.
237 1991 329 2042 Atticus
341 1991 428 2042 Caecilii
439 1991 522 2053 heres,
538 1991 657 2041 Ciceronis
671 2000 695 2040 ct
706 1992 826 2041 Hortensii
838 1994 929 2059 copula.

145 2110 282 2166 Hassnar
296 2111 468 2165 avunculum
481 2113 516 2180 Q.
529 2109 678 2178 Caecilium,
692 2110 813 2182 equitem
823 2113 1000 2180 Romanum,

107 2187 273 2244 familiarem
288 2190 319 2243 L.
335 2190 455 2260 Luculli,
469 2190 599 2257 divitem,
613 2188 777 2244 difficillima
790 2190 901 2244 natura.
913 2190 1001 2260 Cujus

107 2266 145 2321 sic
157 2268 333 2340 asperitatem
345 2269 453 2322 'veritus
471 2278 571 2334 estut,
591 2282 676 2339 quem
694 2287 779 2323 nemo
796 2268 871 2321 ferre
890 2279 999 2340 posset,

107 2345 193 2416 hujus
209 2345 268 2400 sine
283 2345 438 2400 offensione
455 2346 492 2400 ad
507 2364 646 2400 summam
663 2355 833 2400 senectutem
852 2345 1001 2400 retinuerit

107 2423 341 2479 benevolentiam.
354 2427 419 2494 Quo
432 2424 505 2478 facto
523 2423 586 2477 tulit
599 2423 707 2496 pictatis
719 2423 859 2477 fructum:
875 2422 1000 2478 Caecilius

108 2502 183 2558 enirn
196 2503 322 2558 moriens
333 2511 497 2557 testamento
505 2500 650 2573 adoptavit
662 2519 736 2568 eum,
746 2500 945 2573 haeredemque
956 2501 997 2556 fe-

107 2580 145 2635 cit
152 2599 186 2635 ex
196 2578 370 2635 dodrantc¹³.
380 2581 424 2634 Ex
431 2580 487 2652 quai
495 2579 657 2634 haereditate
666 2580 770 2654 accepit
776 2580 889 2635 circiter
896 2579 998 2636 centies

107 2657 375 2715 sestertidm¹⁴.Erat
387 2670 476 2733 nupta
482 2676 566 2713 soror
577 2658 662 2713 Attici
676 2661 710 2726 Q.
719 2659 815 2713 Tullio
828 2656 998 2728 Ciceroni¹⁵;

106 2756 208 2811 easque
219 2737 330 2813 nuptias
338 2739 378 2792 M.
388 2737 677 2803 Ciceroconcilidrat,
687 2755 752 2790 cum
764 2756 823 2810 quo
833 2757 848 2793 a
858 2737 999 2793 condisci-
1019 2789 1024 2811 Ι

62 2880 66 2884 .
105 2817 206 2890 pulatu
226 2817 339 2871 vivebat
358 2815 598 2888 conjunctissime,
617 2815 708 2870 multo
732 2815 814 2871 etiam
833 2815 998 2871 familiarius

47 2910 49 2914 “
105 2896 193 2967 quam
204 2914 270 2950 curn
282 2893 404 2964 Quinto,
416 2905 447 2950 ut
456 2892 578 2966 judicari
587 2895 685 2967 possit,
699 2895 764 2967 plus
775 2896 805 2948 in
815 2894 935 2949 amicitia
945 2911 996 2950 va·

105 2973 165 3029 lere
187 2972 397 3029 similitudinem
417 2992 531 3029 morum
554 2972 639 3046 quam
660 2972 834 3027 affinitatem.
855 2972 995 3028 Utebatur
1068 3039 1069 3042 Ἴ

105 3062 198 3106 autem
214 3051 311 3106 intime
324 3055 356 3121 Q.
370 3051 538 3119 Hortensio,
551 3053 600 3126 qui
614 3053 646 3107 iis
658 3051 833 3124 temporibus
847 3051 994 3126 principa-¹

106 3141 166 3185 tum
182 3129 349 3202 eloquentiae
361 3131 485 3201 tenebat,
496 3142 529 3187 nt
540 3130 656 3203 intelligi
671 3148 731 3183 non
747 3140 840 3203 posset
856 3141 920 3185 uter
931 3147 996 3184 eum

105 3208 170 3282 plus
181 3209 322 3282 diligeret,
335 3211 436 3266 Cicero
448 3231 485 3266 an
498 3208 680 3276 Hortensius;
689 3218 717 3263 et
730 3209 768 3275 id,
778 3208 858 3280 quod
869 3219 930 3263 erat
939 3207 996 3264 dif-

105 3285 279 3355 ficillimum,
300 3287 438 3352 efficiebat
458 3299 507 3356 ut,
530 3287 604 3343 inter
628 3305 700 3359 quos
722 3297 797 3342 tanta
819 3286 909 3343 laudis
926 3298 996 3342 esset

106 3364 261 3432 aemulatio,
276 3366 354 3420 nulla
366 3367 553 3423 intercederet
564 3364 749 3431 obtrectatio,
762 3375 887 3439 essetque
898 3365 996 3423 talium

106 3445 233 3501 virorum
245 3441 382 3517 copulata
