2228 3892
185 488 526 582 CORNELII
563 483 867 580 NEPOTIS

444 726 492 773 DE
510 724 600 771 VITA

141 908 515 974 EXCELLENTIUM
538 903 894 970 IMPERATORUM

327 1082 482 1155 LIBER
522 1079 693 1152 PRIOR.

376 1287 671 1324 ...Qenn—

367 1433 664 1560 MILTIAPES.

124 1605 182 1652 Cir.
197 1607 216 1651 1.
230 1599 365 1662 Miltiades,
384 1600 432 1650 dux
443 1599 596 1659 colonorum,
610 1597 781 1685 chorinerum
791 1594 886 1655 minio,
902 1610 917 1643 ι

384 1670 486 1721 Lemniis
495 1669 613 1721 irridetur.

109 1823 285 1887 Mmrmnes,
301 1817 426 1874 Cimonis
441 1816 530 1886 filius,
542 1815 729 1872 Atheniensis.
744 1817 840 1883 Quum
852 1824 879 1870 et
890 1810 967 1868 enti-

74 1899 176 1973 quitete
188 1898 313 1977 weris,
325 1909 351 1952 et
365 1894 457 1970 glori'i
468 1896 625 1968 majorum,
647 1907 674 1948 et
686 1897 735 1950 sut
749 1893 882 1948 modestih
895 1909 968 1945 unus

71 1979 202 2036 omnium
214 1976 335 2031 maxime
354 1975 483 2042 floreret,
503 1976 593 2046 eique
612 1982 681 2027 esset
700 1983 777 2027 aetate
798 1981 829 2024 ut
842 1968 968 2041 nonjant

102 2057 163 2113 liun
173 2056 209 2111 de
222 2073 257 2109 eo
269 2054 342 2109 hene
354 2071 482 2126 sperare,
497 2052 545 2108 sed
562 2051 645 2106 etiam
656 2049 886 2119 confitlere„cives
897 2067 969 2122 pos-

65 2076 132 2270 ffnt
143 2134 185 2192 sui
197 2134 281 2189 talem
293 2133 423 2188 futurum
431 2132 543 2206 qualem
553 2132 697 2205 cognitum
707 2131 888 2203 jmlitelrtmt3
900 2127 969 2182 occi-

91 2215 112 2269 ‘t
124 2225 157 2270 ut
168 2213 352 2269 Athenienses
363 2209 581 2267 Chersonesum¹
597 2211 717 2266 colonos
729 2210 833 2264 vellent
848 2208 969 2262 mittere.

68 2292 158 2366 Cujus
169 2292 279 2367 generis
291 2310 381 2365 quum
400 2309 517 2365 magnus
528 2309 664 2344 numerus
677 2301 762 2354 esset,
777 2299 803 2341 et
816 2286 897 2340 molti
909 2285 969 2356 ejus

69 2368 282 2446 demigrationis
294 2383 421 2446 peterent
432 2369 609 2435 societatem,
625 2387 660 2423 ex
671 2368 714 2420 liis
729 2365 828 2418 delecti
842 2364 969 2434 ltelplios

69 2449 259 2506 deliberatum
272 2451 347 2507 missi
359 2461 438 2518 sunt,
458 2447 509 2520 qui
525 2447 709 2500 consulerent
721 2441 883 2516 Apollinem
894 2459 968 2514 ,quo

68 2527 322 2602 potissimhmduce
334 2536 485 2584 uterentur
496 2542 576 2579 :nam
586 2534 646 2576 tuni
652 2522 776 2576 Thraces
787 2540 832 2576 cos
840 2519 968 2595 regiones

69 2606 215 2670 tenebant,
223 2624 288 2661 euin
302 2607 405 2676 quibus
417 2603 502 2658 armis
513 2612 573 2657 erat
585 2601 786 2657 dimicandum.
802 2602 851 2656 llis
863 2619 968 2656 consu·

69 2682 192 2738 lentibus
203 2681 370 2736 nominatim
382 2681 485 2758 Pythia
494 2681 629 2756 praecepit
640 2692 672 2736 ut
683 2679 839 2736 Miltiadem
853 2679 905 2736 sibi
918 2680 968 2735 im-

70 2773 233 2835 peratorem
244 2773 405 2817 sumerent:
419 2761 447 2816 id
458 2761 480 2816 si
493 2760 634 2829 fecissent,
647 2759 756 2834 incepta
771 2779 906 2834 prospera
918 2759 967 2814 fu-

69 2834 218 2904 turaffloc
231 2841 340 2898 oraculi
350 2839 663 2915 responso,Miltiades‚
672 2859 736 2905 cuin
749 2840 856 2896 delenit
871 2857 967 2906 munu,

70 2919 155 2976 classe
181 2920 390 2977 Chersonesum
411 2918 570 2993 profectus,
590 2938 680 2992 quum
704 2921 859 2976 accessisset
880 2921 967 2974 Lem·-

71 3001 161 3070 num2,
169 3011 197 3055 et
206 2999 311 3055 incolas
325 3000 385 3071 ejus
397 2998 494 3055 insulae
505 2998 559 3054 sub
571 3010 736 3072 potestatem
747 2999 877 3074 redigere
884 2999 968 3054 vellet

72 3077 299 3148 Atheniensium,
320 3079 407 3152 idque
430 3078 540 3135 Lemnii
556 3081 606 3134 suh
617 3091 718 3153 sponte
732 3079 855 3135 facerent
871 3090 967 3154 postu-

70 3153 164 3224 iisset,
184 3157 225 3212 illi
254 3159 403 3215 irridentes
429 3157 641 3232 responderunt
668 3169 728 3213 tuni
748 3159 775 3214 id
796 3179 825 3216 se
844 3158 967 3212 facturos

70 3251 159 3308 quum
179 3235 240 3304 ille,
259 3239 347 3294 domo
364 3238 484 3294 navibus
501 3235 697 3311 proficiscens,
722 3250 808 3294 vento
827 3237 967 3309 Aquilone

71 3315 188 3373 venisset
205 3315 367 3376 Lemnums
383 3319 429 3376 hie
450 3317 526 3375 enim
549 3330 666 3391 ventos,
683 3339 699 3374 a
722 3315 969 3393 Septentrionibus

867 3415 879 3460 2
972 3426 974 3433 ,
