2228 3892
474 328 652 374 nasarius.
978 336 1011 386 ra

90 460 93 465 -
116 421 152 478 ad
164 440 263 495 pacem
274 420 479 493 amicitiamque
490 419 622 475 hortatus
634 430 689 488 est,
702 430 735 476 ut
746 438 811 474 eum
823 438 890 494 rege
904 419 933 474 in
948 439 1009 494 gra·

117 501 184 554 tiam
195 501 308 556 rediret.
319 502 411 570 Quam
422 499 470 554 illc
482 499 533 553 etsi
539 518 599 556 uon
608 497 695 554 fidam
701 499 763 554 fore
775 499 906 572 putabat,
918 510 1005 555 tame·

116 579 308 650 conditionem
320 579 447 653 accepit,
464 596 549 650 seque
565 578 601 633 ad
613 581 799 633 Artaxerxem
818 577 924 651 legatos
939 580 1006 634 mis-

117 676 216 713 surum
223 658 303 714 dixit.
315 659 360 714 Sic
372 657 493 725 bellum,
502 658 581 728 quod
589 675 640 711 rex
652 657 1008 712 adversirsDatamemsus-

121 749 241 810 ceperat,
254 737 381 792 sedatum
388 756 397 805 3
408 735 639 809 Autophradates
650 736 679 789 in
687 736 841 810 Phrygiam
852 754 880 790 se
895 736 1008 810 recepit,

284 867 330 911 IX.
351 867 461 911 Datames
473 860 534 926 regis
544 861 638 911 insidias
652 861 737 911 callide
748 861 859 912 declinat.

151 987 196 1038 Ar
206 1003 269 1054 rex,
283 984 363 1058 quod
374 984 551 1058 implacabile
562 984 660 1040 odium
674 984 704 1038 iu
718 986 865 1040 Datamem
875 1004 1005 1059 suscepe-

112 1072 173 1131 rat,
190 1075 342 1137 postquam
356 1063 433 1119 hello
448 1083 512 1119 eum
525 1063 651 1138 opprimi
662 1082 721 1117 uon
733 1082 815 1136 posse
827 1063 1007 1119 animadver-

113 1141 156 1210 tit,
174 1141 280 1198 insidiis
292 1142 453 1198 interficere
462 1143 588 1198 studuit:
601 1161 671 1215 quas
682 1141 885 1214 illeplerasque
894 1141 1006 1212 vitavit;

110 1219 217 1288 sicut²⁸,
230 1240 320 1293 quum
332 1221 492 1275 nuntiatum
501 1232 571 1275 esset
578 1220 716 1292 quosdam
723 1219 775 1274 sibi
785 1220 912 1275 insidiari
919 1221 1005 1293 quiin

110 1298 268 1353 amicorum
280 1310 362 1353 eraut
373 1303 508 1368 numero,
526 1299 692 1372 dequibus,
705 1299 784 1371 quod
802 1299 906 1354 inimici
921 1299 1005 1354 detu-

109 1375 216 1445 lerant,
232 1396 325 1450 ueque
346 1378 521 1449 credendum
540 1396 633 1452 neque
653 1378 857 1452 negligendum
878 1379 1004 1451 putavit;

109 1454 234 1530 experiri
257 1456 349 1510 voluit
373 1476 473 1511 verum
499 1457 637 1511 falsumne
665 1468 734 1511 esset
756 1458 886 1511 relatum.
905 1458 1004 1530 Itaque

109 1535 143 1589 eb
163 1534 308 1608 profectus
331 1546 371 1590 est
393 1555 452 1608 quo
474 1535 573 1590 itinere
590 1535 701 1590 futuras
723 1534 836 1589 iusidias
858 1535 1000 1602 dixerant3

109 1613 157 1668 sed
170 1609 253 1688 elegit
269 1633 393 1688 corpore
410 1626 437 1669 ct
453 1614 559 1669 statura
575 1613 750 1669 simillimum
768 1616 824 1681 sui,
840 1613 922 1686 eique
936 1632 1000 1669 ves-

109 1691 189 1746 titum
204 1712 287 1748 sunm
302 1693 393 1762 dedit,
406 1705 491 1766 atque
505 1690 566 1749 eo²9
584 1695 649 1749 loco
664 1693 717 1761 ire,
733 1712 792 1765 quo
810 1694 869 1766 ipse
883 1712 1003 1748 cousue-
1028 1741 1032 1747 ,

109 1782 200 1839 terat,
205 1772 287 1844 jussit
295 1792 303 1839 ;
312 1772 370 1846 ipse
382 1784 492 1841 antem,
506 1784 610 1828 ornatu
617 1771 775 1844 vestituque
788 1772 916 1840 militari,
929 1772 1003 1828 iuter

109 1852 237 1924 corporis
249 1851 379 1906 custodes
391 1853 445 1906 iter
459 1853 551 1907 facere
562 1852 656 1925 coepit.
667 1853 705 1905 At
718 1851 909 1918 insidiatores,
922 1862 1002 1924 post-

109 1945 192 2001 quam
205 1930 235 1983 in
247 1948 311 1983 eum
319 1930 416 1984 locum
426 1949 526 2003 agmen
534 1930 678 2003 pervenit,
688 1929 797 2002 decepti
806 1930 908 1983 ordine
919 1941 1003 2000 atquo

109 2007 222 2076 vestitu,
244 2007 274 2060 in
299 2025 364 2061 eum
385 2007 492 2062 faciunt
510 2008 647 2082 impetum
671 2005 721 2078 qni
744 2007 907 2080 suppositus
933 2018 1001 2062 erat.

107 2085 306 2140 Praedixerat³⁰
318 2099 412 2141 antem
423 2087 466 2142 his
476 2089 608 2142 Datames
623 2104 689 2141 cum
702 2085 806 2157 quihus
818 2086 872 2141 iter
884 2084 1003 2141 faciebat

107 2174 138 2219 ut
155 2164 247 2238 parati
266 2176 357 2220 essent
377 2165 470 2222 facere
490 2158 570 2239 qnod
592 2168 685 2240 ipsum
703 2163 843 2220 vidissent.
867 2167 947 2238 Ipse,
970 2173 1003 2219 ut

107 2257 309 2299 concurrentes
328 2244 504 2301 insidiatores
524 2243 737 2308 animadvertit,
755 2245 809 2298 tela
826 2244 855 2297 in
874 2263 921 2297 eos
934 2262 1001 2298 con·

107 2319 177 2390 jecit.
190 2323 252 2377 Hoc
264 2322 340 2376 idem
353 2341 442 2395 qnmn
449 2324 574 2381 uniuersi
586 2321 749 2387 fecissent³⁰‚
758 2322 927 2394 priusquam
936 2339 1000 2394 per·

107 2399 235 2455 venirent
249 2400 365 2456 adeum
379 2420 464 2475 quem
475 2402 592 2476 aggredi
603 2399 751 2465 volebant,
764 2398 869 2452 confixi
886 2399 987 2456 cecide·

107 2488 180 2533 rum·
298 2562 332 2607 X.
341 2562 450 2607 Datames
465 2558 521 2607 dolo
528 2555 673 2608 Mithridatis
684 2555 803 2621 deceptus.

144 2692 200 2748 Hic
212 2704 306 2749 tamen
317 2706 374 2749 tam
385 2695 503 2751 callidus
515 2694 561 2749 vir
574 2704 701 2750 extremo
714 2704 844 2767 tempore
854 2703 1000 2768 eaptusest

105 2772 295 2843 Mithridatis,
308 2774 512 2830 Ariobarzanis
536 2773 604 2841 filii,
624 2774 709 2828 dolo:
728 2790 850 2847 namque
872 2775 894 2828 is
910 2772 998 2847 polli-

104 2849 175 2906 citus
186 2864 227 2907 est
238 2854 298 2927 regi
305 2872 334 2909 se
342 2872 407 2907 eum
415 2853 639 2922 interfecturum,
651 2852 674 2908 si
681 2849 755 2906 rex³¹
767 2853 997 2925 promitteretut,

105 2930 308 3004 quodcumque
322 2931 421 2999 vellet,
434 2925 531 2986 liceret
547 2932 663 3004 impune
680 2930 786 3001 facere,
807 2931 950 3002 fidemque
962 2931 999 2985 de

104 3009 137 3093 pt
149 3026 191 3077 re,
203 3028 284 3063 more
295 3011 622 3077 Persarum,dextram³²
630 3010 756 3065 dedisset.
766 3013 881 3064 Hancnt
892 3011 998 3082 recepit

106 3105 120 3140 a
136 3105 203 3159 rege
219 3088 343 3158 missam,
363 3089 457 3162 copias
479 3101 576 3165 pauet,
595 3100 622 3145 et
644 3089 744 3144 absens
767 3088 917 3146 amicitiam
931 3105 997 3142 curu

105 3167 223 3222 Datame
240 3160 589 3243 facitffissisvprovincias
600 3179 696 3236 vexat,
714 3167 825 3224 castella
839 3174 994 3240 expugnat,

104 3263 217 3319 magnas
229 3247 339 3320 praedas
351 3244 575 3321 capit,'quarum
586 3257 697 3320 partem
710 3247 766 3302 suis
782 3245 919 3319 dispertit,
932 3261 997 3316 par-

105 3334 160 3379 tem
180 3325 215 3380 ad
236 3327 384 3381 Datamem
404 3326 504 3394 mittit;
528 3325 592 3399 pari
610 3326 698 3381 modo
718 3326 867 3398 complura
886 3325 996 3380 castella

104 3402 127 3454 ei
140 3404 233 3458 tradit.
251 3406 318 3460 llaec
330 3406 379 3460 diu
395 3405 525 3462 faciendo
538 3408 675 3462 nersuasit
687 3404 798 3458 homiui
813 3422 842 3457 se
855 3402 995 3458 infinitum
