2228 3892
427 371 647 420 niarmnas.
965 384 978 434 5

93 467 188 525 adhuc
200 477 241 522 est
250 465 375 521 nobilius
389 485 395 521 :
408 465 488 521 nulla
506 466 581 521 enim
597 483 724 540 unquam
740 475 799 521 tam
809 464 913 542 exigua
923 481 988 520 ma-

94 566 147 603 nus
159 557 249 601 tantas
260 563 329 620 opes
340 546 502 629 prostravit.

124 613 159 748 i:
269 696 313 741 vt.
334 691 455 741 Miltiades
468 689 571 740 victoriae
582 690 703 756 praemium
714 687 807 755 accipit.
921 649 955 766 a}

899 711 988 919 „s

132 827 221 882 Cusus
232 827 358 883 victoriae
375 847 436 883 non
450 827 574 883 alienum
591 826 718 894 videtur,
740 825 824 900 quale
838 843 898 900 prae

92 905 213 961 Miltiadi
233 907 267 962 sit
278 907 428 977 tributum,
442 908 558 974 docere,
571 907 630 980 qut
645 906 752 962 saciliiis
769 905 890 980 intelligi
901 909 1031 981 possit-33)

91 985 219 1040 eamdem
230 987 357 1041 omnium
368 988 512 1043 civitatum
524 1005 581 1042 esse
591 999 731 1041 naturam.
746 987 786 1040 Ut
800 985 875 1039 enim
887 981 988 1057 populi
1007 982 1040 1052 ts

90 1065 338 1122 nostri²⁴t10n0res
347 1068 493 1140 qnondam
504 1065 621 1122 fuerunt
628 1066 687 1121 rari
697 1077 723 1119 et
738 1076 847 1130 tennes,
860 1062 898 1117 ob
910 1080 988 1117 mm-

90 1157 146 1215 que
157 1163 268 1199 causam
281 1146 414 1219 gloriosi,
423 1157 600 1202 emicantem
613 1143 694 1198 effusi
703 1156 787 1216 atque
795 1140 915 1197 obsoleti
927 1160 936 1210 3
949 1140 988 1199 siu
1078 1211 1080 1217 Ι
1096 1212 1097 1216 ¹

69 1253 71 1258 .
89 1221 160 1275 olim
182 1224 260 1315 apud
277 1224 462 1281 Athenienses
484 1224 568 1279 fuisse
586 1222 752 1295 reperimus.
757 1206 903 1354 piamque
918 1218 987 1276 hnic

89 1299 227 1366 Miltiadi,
240 1303 290 1373 qui
310 1304 435 1358 Athenas
447 1315 591 1374 totamque
605 1302 742 1356 Graeciam
768 1301 904 1366 iherdrat,
925 1297 987 1355 talis

89 1377 186 1434 honor
198 1380 320 1436 tributus
331 1393 379 1448 est,
392 1383 420 1436 in
431 1381 545 1455 porticu
553 1401 616 1454 quae
623 1380 987 1452 Poecile²⁵vocatunqtmm

89 1477 185 1531 pugna
198 1459 400 1533 depingeretur
412 1461 610 1527 Marathonia,
631 1460 704 1514 utin
716 1461 815 1514 decem
828 1469 987 1532 praetorum

88 1553 208 1593 numero
229 1539 321 1613 prima
345 1539 405 1611 ejus
427 1539 521 1613 imago
541 1549 713 1613 poneretur,
727 1539 805 1610 isque
820 1537 986 1592 hortaretur

87 1616 212 1686 milites,
232 1618 421 1691 praeliumque
443 1619 641 1675 committeret.
668 1618 748 1673 Idem
773 1617 820 1672 itte
844 1614 984 1690 populus,

86 1707 270 1770 posteaquam
283 1699 337 1770 maj
342 1718 373 1753 us
387 1699 541 1773 imperium
556 1709 596 1753 est
607 1708 705 1753 nactus
717 1707 745 1752 et
756 1696 908 1770 largitione
920 1713 986 1748 ma-

85 1773 253 1846 gistratuum
264 1790 418 1855 corruptus
432 1790 472 1834 est
480 1819 488 1848 ,
497 1789 635 1834 trecentas
643 1787 747 1834 statuas
754 1776 901 1831 Demetrio
909 1773 987 1828 Pha-

86 1852 194 1910 lereo²⁶
206 1857 343 1912 decrevit.

86 2001 143 2047 v11.
164 1997 300 2059 Miltiades,
321 1997 375 2067 Pari
395 1995 571 2065 oppugnatione
595 1988 677 2046 omtsst
691 1994 830 2056 damnatus,
844 1993 871 2042 iu
887 1992 985 2044 vinculis

74 2089 77 2094 ·
481 2066 590 2117 moritur.
641 2066 643 2071 ’

124 2203 199 2256 Posr
213 2201 269 2257 hoc
280 2203 426 2276 praelium,
440 2203 556 2258 classem
571 2199 751 2276 septuaginta
762 2197 877 2253 navium
889 2196 983 2252 Athe-

85 2274 196 2337 nienses
210 2281 300 2336 eidem
306 2282 428 2351 Miltiadi
439 2281 591 2352 dederunt,
598 2291 630 2340 ut
641 2279 758 2351 insulas,
770 2296 834 2348 quae
846 2276 984 2331 barbaros

85 2357 266 2430 adjuverant,
278 2361 355 2415 bello
369 2372 589 2435 persequeretur
607 2376 681 2429 :quo
699 2355 819 2428 imperio
833 2355 985 2426 plerasque

84 2437 121 2491 ad
140 2436 266 2494 officium
284 2429 380 2572 remp
405 2439 510 2511 coegit,
533 2435 686 2490 nonnullas
698 2433 726 2486 vi
743 2428 981 2530 expugnavisssx

84 2513 129 2569 his
140 2518 245 2571 Parum
254 2519 344 2596 insnh
384 2556 392 2584 ,
403 2516 506 2590 opibus
518 2514 633 2580 elatam,
643 2531 733 2585 quum
742 2512 984 2568 orationerecott·

84 2593 181 2648 ciliare
193 2600 374 2668 non‘posset,
389 2596 484 2668 copias
496 2611 511 2647 e
523 2592 643 2648 navibus
664 2590 774 2658 eduxit,
796 2591 898 2646 urbem
911 2609 983 2666 ope-

84 2670 164 2726 ribus
176 2671 286 2740 clausit,
300 2672 435 2744 omnique
447 2683 606 2727 commeatu
618 2671 754 2745 privavit3
765 2670 884 2739 deinde,
893 2671 985 2727 vineis

84 2768 116 2804 ae
129 2750 315 2806 testudinibus
326 2751 499 2818 constitutis,
510 2751 633 2825 propius
644 2769 742 2805 muros
754 2750 876 2807 accessit.
884 2752 983 2820 Quum

83 2828 141 2901 jam
153 2829 183 2884 in
195 2848 229 2884 eo
242 2841 312 2889 esset
324 2842 355 2884 ut
368 2830 477 2904 oppido
488 2830 648 2904 potiretur,
661 2831 764 2903 procul
777 2831 806 2884 in
819 2829 974 2890 continente

80 2909 178 2979 lucus,
189 2911 239 2982 qui
250 2929 284 2965 es
299 2909 388 2965 nauta
400 2909 639 2983 conspiciebatur,
647 2909 741 2965 nescio
751 2928 810 2983 quo
818 2928 897 2977 casu,
909 2926 977 2964 noc-

84 2997 170 3043 turno
185 3000 315 3062 tempore
326 2991 455 3044 incensus
466 2999 506 3044 est
516 3008 524 3045 ε
534 2989 615 3062 cujus
627 2987 753 3057 flamma,
768 3001 800 3043 ut
811 2988 848 3043 ab
863 2987 980 3064 oppida·

84 3066 129 3120 nis
142 3077 169 3121 et
183 3068 428 3142 oppugnatoribus
441 3079 480 3124 est
494 3069 569 3136 visa,
581 3069 710 3142 utrisque
725 3069 842 3124 venitin
863 3066 979 3141 opinio·

84 3162 150 3200 nem
161 3145 273 3220 signum
287 3168 302 3202 a
318 3147 464 3204 classiariis
476 3149 560 3222 regiis
571 3148 677 3202 datum.
691 3151 756 3218 Quo
773 3148 880 3203 factum
897 3154 938 3198 est
949 3156 979 3201 ut

83 3233 112 3278 et
131 3225 389 3283 Pariiadeditione
409 3228 637 3297 deterrerentur,
656 3239 684 3284 et
704 3227 860 3292 Miltiades,
881 3223 980 3279 timens

83 3320 120 3358 ne
131 3302 223 3358 classis
235 3307 312 3378 regia
325 3308 498 3376 adventaret,
507 3308 626 3363 incensis
639 3307 774 3381 operibus
799 3322 863 3376 quae
873 3312 979 3361 statae·

19 3448 21 3452 Ι
82 3393 139 3450 rat,
153 3401 220 3439 cum
231 3383 348 3440 totidem
359 3386 479 3443 navibus
487 3385 597 3460 atque²⁷
608 3397 669 3441 erat
680 3383 840 3459 proiectus,
853 3381 978 3439 Athenas

82 3461 185 3538 magud
197 3480 265 3519 cum
277 3462 429 3521 offensione
445 3466 550 3522 civium
563 3484 683 3523 suorum
694 3463 809 3522 rediret.
823 3465 992 3544 Accusatup·
1028 3501 1040 3522 .
