2228 3892
187 267 242 322 108
450 267 635 315 CORNELII
653 267 817 316 nunorts

185 381 278 436 neque
298 381 425 435 unquam
439 360 497 417 sine
511 360 607 433 aliqua
628 358 749 415 lectione
765 359 844 433 apud
864 377 930 414 eum
943 370 1093 417 eoenatum

185 453 244 498 est:
269 454 301 497 ut
315 460 375 496 non
387 440 480 495 minias
498 439 592 494 animo
607 437 696 512 qnam
707 448 806 493 ventre
818 437 944 494 convivae
960 437 1095 494 delecta-

139 550 143 555 ·
185 532 295 576 rentur.
308 521 437 592 Namque
457 536 504 573 eos
519 516 663 574 vocabat⁴⁴
678 536 803 590 quorum
812 535 907 572 mores
921 535 937 571 a
953 516 1010 573 suis
1026 535 1095 577 non

185 600 383 655 abhorrerent.
396 603 492 667 Quum
500 608 576 652 tanta
583 596 786 672 pecuniaesactn
795 606 864 652 esset
871 596 1095 664 accessi0,nibil

186 679 221 734 de
235 677 402 750 quotidiano
414 677 492 732 cultu
506 676 640 746 mutavit,
653 675 724 731 nihil
743 675 779 730 de
790 675 853 730 vitae
867 675 1095 748 consuetudine3

185 759 317 829 tantaque
326 756 641 813 ususestmoderatione
651 766 683 810 ut
692 754 954 828 neqneinsestertio
964 752 1094 824 vicies⁴,⁵,

184 836 287 908 quoda
295 847 375 909 patre
386 845 541 908 acceperat,
548 835 653 908 partlm
664 853 692 889 se
699 833 846 908 splendide
856 833 982 907 gesserit,
991 844 1094 908 nequa

185 913 214 969 in
225 915 352 970 sestertio
373 912 500 969 centies⁴⁵
523 912 685 968 affluentius
698 913 802 968 vixerit
817 912 903 985 quam
917 912 1092 985 instituerat,

184 993 305 1067 parique
318 992 427 1066 fastigio
440 992 546 1047 steterit
556 992 586 1046 in
598 992 720 1065 utraque
732 991 858 1046 fortuna.
870 992 973 1047 Nullos
985 991 1093 1049 habuit

184 1072 297 1143 hortos,
310 1072 420 1127 nullam
440 1070 634 1127 suburbanam
651 1082 699 1125 ant
709 1071 880 1125 maritimam
891 1080 1091 1145 sumptuosum

184 1151 294 1218 villam,
307 1170 400 1224 neque
412 1151 442 1204 in
457 1150 550 1218 ltalia,
567 1160 671 1224 practer
682 1149 870 1206 Ardeatinum
888 1160 916 1205 et
927 1151 1090 1207 Nomenta-

184 1246 269 1297 num,
283 1231 421 1286 rusticum
437 1229 590 1303 praedium3
604 1229 753 1303 omnisque
766 1228 825 1301 ejus
840 1229 966 1303 pecuniae
976 1228 1092 1288 reditus

183 1309 329 1375 constabat
343 1309 372 1363 in
384 1309 535 1382 Epiroticis
549 1319 577 1363 et
595 1308 712 1364 urbanis
726 1308 955 1383 possessionibus.
968 1308 1012 1362 Ex
1025 1326 1089 1382 quo

183 1383 511 1461 cognoscipotesteum⁴⁶
519 1405 602 1442 usum
611 1386 737 1461 pecuniae
746 1406 807 1442 non
817 1387 1022 1463 magnitudine,
1035 1386 1090 1446 sed

184 1467 293 1522 ratione
306 1466 399 1520 metiri
409 1465 532 1520 solitum.

281 1616 339 1661 XV.
362 1610 455 1662 Atticus
468 1629 536 1660 verax
551 1611 576 1660 in
592 1611 683 1678 verbis,
699 1612 723 1662 in
734 1612 834 1677 negotiis
846 1611 984 1662 laboriosus.

223 1747 406 1800 Marrucinis
419 1764 512 1818 neque
525 1744 650 1813 dicebat,
669 1764 763 1818 neque
783 1746 843 1820 pati
851 1753 971 1821 poterat.
985 1746 1089 1822 Itaque

186 1824 244 1897 ejus
255 1824 372 1880 comitas
384 1843 443 1878 non
455 1824 514 1879 sine
534 1823 682 1879 severitate
694 1834 771 1890 erat,
785 1843 879 1898 neque
890 1825 1012 1899 gravitas
1023 1827 1088 1885 sine

183 1901 328 1959 facilitate:
342 1915 374 1959 ut
383 1901 497 1959 difficile
509 1914 579 1959 esset
592 1903 737 1959 intellectu
746 1903 844 1960 utrum
854 1924 920 1961 eum
931 1905 1013 1960 amici
1025 1925 1087 1963 ma-

183 1983 224 2058 gis
236 1995 405 2039 vererentur
417 2003 453 2038 an
467 1994 603 2038 amarent.
620 1982 769 2056 Quidquid
780 1984 950 2059 rogabatur,
962 1983 1085 2059 religio·

182 2061 237 2118 se⁴⁷
248 2063 446 2134 promittebat;
458 2063 538 2133 qubd
546 2081 606 2116 non
611 2060 737 2117 liberalis
747 2063 797 2117 sed
808 2064 877 2118 levis
890 2063 1088 2122 arbitrabatur

182 2139 317 2213 polliceri
335 2139 415 2211 quod
436 2151 569 2212 praestare
593 2155 654 2194 non
672 2150 788 2213 posset:
808 2141 885 2197 idem
898 2143 929 2197 in
946 2143 1087 2214 nitendo,

184 2218 264 2292 quod
275 2217 361 2274 semel
374 2217 542 2290 admisisset,
557 2221 635 2275 tanta
648 2229 709 2274 erat
720 2218 790 2273 cura
804 2230 836 2275 ut
849 2239 909 2275 non
921 2222 1087 2280 mandatam

183 2297 233 2355 sed
243 2318 323 2355 suam
335 2317 395 2353 rem
408 2297 553 2354 videretur
571 2316 664 2373 agere.
679 2300 835 2371 Nunquam
845 2300 967 2374 suscepti
978 2303 1089 2376 negotii

184 2397 250 2434 eum
268 2390 419 2454 pertaesum
440 2389 497 2435 est:
519 2397 599 2434 suam
615 2378 691 2434 enim
709 2377 944 2434 existimationem
960 2379 990 2433 in
1006 2381 1041 2434 ea
1054 2399 1089 2438 re

183 2457 230 2534 agi
242 2459 376 2534 putabat,
388 2460 446 2534 qua
459 2458 532 2515 nihil
543 2458 666 2515 babebat
681 2455 782 2515 carius.
801 2460 867 2527 Quo
879 2455 966 2513 fiebat
978 2468 1011 2512 ut
1022 2477 1088 2516 om·

183 2539 230 2594 nia
240 2540 424 2606 Ciceronum,
437 2539 591 2607 catonisn,
598 2539 756 2608 Hortensii,
765 2538 834 2593 Auli
845 2536 998 2612 Torquati,
1009 2539 1088 2596 mul-

186 2636 280 2674 torum
293 2630 429 2692 praeterea
441 2618 569 2690 equitum
578 2621 778 2674 Romanorum
784 2619 897 2693 negotia
903 2628 1088 2693 procuraret.

185 2697 227 2752 Ex
242 2714 301 2769 quo
316 2697 439 2767 judicari
453 2707 566 2770 poterat
579 2714 639 2751 non
653 2696 767 2764 mettid,
787 2698 837 2752 sed
853 2697 963 2768 judicio
980 2695 1087 2771 fugisse

200 2773 348 2852 eipublicae
360 2775 601 2849 procurationem.

287 2950 289 2953 -
322 2923 391 2971 xvt.
411 2919 503 2969 Atticus
514 2919 642 2981 humanum
654 2918 762 2971 Ciceroni
775 2917 946 2986 perfamiliaris.

223 3063 425 3118 Huuamraris
441 3058 511 3116 verb
532 3058 645 3113 nullum
662 3057 766 3115 afferre
785 3059 876 3131 majus
893 3055 1085 3116 testimonium

185 3161 300 3218 possum
312 3138 399 3213 quam
412 3139 491 3213 qub'd
504 3137 666 3194 adolescens
680 3136 756 3192 idem
767 3138 828 3193 seni
843 3137 1024 3194 Sullaefuerit
1037 3136 1087 3216 ju-

185 3219 382 3286 cundissimus,
398 3237 483 3274 senex
499 3216 670 3274 adolescenti
681 3219 721 3271 Μ.
732 3217 837 3285 Brut03
848 3226 915 3272 cum
929 3215 1086 3290 aequalibus

186 3310 280 3355 autem
287 3301 351 3368 suis,
362 3301 396 3368 Q.
407 3298 559 3354 Hortensio
573 3308 600 3352 et
613 3300 654 3352 M.
665 3298 812 3364 Cicerone,
826 3296 865 3352 sic
876 3296 980 3352 vixerit
992 3307 1025 3352 ut
1034 3298 1085 3369 ju·

186 3377 281 3436 dicare
293 3377 409 3435 difficile
426 3378 462 3434 sit
476 3377 522 3434 eui
534 3376 608 3433 aetati
619 3375 706 3434 fuerit
724 3377 900 3455 aptissimus:
919 3394 1084 3453 quanquam
