2228 3892
124 307 159 355 50
392 304 572 353 continu
592 306 756 352 narorts

124 413 207 455 caasa
220 397 414 471 cognoscitur.
431 396 549 464 Pisidas,
566 415 631 452 cum
645 397 679 452 iis
690 416 764 469 qnos
775 399 1026 462 secumhatmat.
1112 451 1114 454 Α

120 477 160 534 ad
168 475 357 536 resistendum
374 476 455 549 Aspis
469 475 672 550 comparat.1d
685 477 821 532 Datames
832 477 883 535 ubi
894 479 1026 550 audivit,

111 573 202 617 ,arma
215 556 474 629 capit,.suos2sequi
484 555 578 627 jubet,
593 555 738 630 ipsaequo
750 557 1024 633 concitapoaddtoe-

113 645 180 697 ..tem
194 635 318 691 vehitur.
332 638 425 703 Quem
433 635 637 709 ,proculdspis
645 634 1025 709 ,conspiciensadsetem-

123 711 189 775 tem¹
194 714 216 780 ²,
221 711 782 789 pertimescit‚atqueacooaturesistendi
790 713 1025 784 deterritusatete

117 791 235 932 gleditfl.
250 795 331 848 lianc
345 795 476 851 naama
485 793 946 868 rinctumdragemdnaendam
958 805 1025 853 tra-

144 871 372 930 'tttithrimtitt

170 1015 200 1060 V.
217 1017 338 1072 Datames,
350 1010 480 1063 aulicorum
495 1012 590 1063 insidias
599 1013 708 1074 adactus,
720 1012 892 1080 Cappadociam
899 1011 977 1067 sibiet

415 1083 599 1152 Papidagoniam
612 1091 722 1150 occupat.

160 1209 227 1265 Bac
241 1211 310 1266 dam
325 1221 476 1286 geruntur,
491 1212 677 1279 Artaxerxes,
690 1209 872 1269 reminiscens
883 1228 900 1264 a
910 1222 1023 1283 qumto

121 1287 198 1343 bello
212 1290 248 1344 ad
261 1291 347 1362 qudm
363 1311 480 1365 parvam
492 1310 552 1347 rem
564 1292 724 1366 principem
736 1291 842 1346 ducum
849 1286 978 1357 misam,
991 1308 1023 1348 tc

121 1364 180 1442 ipse
194 1369 392 1441 reprehendit,
408 1382 436 1424 et
449 1371 580 1424 nuntium
592 1372 629 1426 ad
645 1370 800 1426 exercitum
813 1366 1020 1438 noenu-misit,

121 1446 200 1520 quod
212 1449 343 1503 nondum
360 1451 507 1504 Datamem
525 1448 685 1523 profectum
703 1448 829 1520 putabat,
842 1447 894 1519 qui
909 1445 1023 1504 diecret
1047 1487 1059 1505 .

120 1543 158 1582 ne
167 1526 203 1581 ab
211 1529 334 1583 exercitu
344 1530 508 1584 discederet.
522 1527 774 1603 Hic¹⁵priusquam
780 1524 946 1598 perveniret
957 1527 1020 1599 qno

110 1617 182 1661 :crat
194 1607 354 1679 profectus,
366 1609 393 1661 in
407 1609 508 1661 itinere
521 1607 655 1662 convenit
668 1603 744 1678 qui¹⁵
755 1602 852 1675 Aspim
865 1602 1020 1660 ducebant.
1113 1636 1114 1643 κ

121 1683 185 1750 Qud
197 1685 339 1738 celeritate
351 1704 440 1755 qttum
456 1703 586 1756 magnam
598 1682 824 1739 benevolentiam
840 1681 914 1755 regis
926 1683 1020 1738 Data-

112 1777 178 1815 mes
191 1773 357 1815 consecutus
370 1772 454 1825 esset,
470 1780 529 1814 non
548 1762 689 1815 minorem
706 1760 839 1814 invidiam
855 1760 1018 1816 aulicorum
1113 1771 1114 1774 ’

118 1839 246 1912 excepit,
259 1840 308 1909 qni
322 1839 400 1892 illum
413 1836 529 1892 ιιηιιηι16
543 1839 634 1912 pluris
645 1839 730 1913 quam
744 1857 773 1894 se
784 1857 884 1894 omnes
896 1837 960 1895 fieri
972 1841 1018 1896 ri·
1113 1896 1114 1906 ,

120 1916 240 1974 debant:
254 1937 312 1990 quo
324 1917 407 1983 sacto,
420 1917 515 1972 cuncti
527 1919 562 1972 ad
574 1937 640 1974 eum
657 1919 879 1993 opprimendum
890 1935 1018 1974 conm-
1040 1927 1043 1932 '

121 1999 305 2055 seruntflaec
319 1997 463 2064 Pandates,
475 2016 550 2070 gaza
560 2010 654 2057 custos
668 1999 760 2074 regiae,
774 1999 881 2055 amicus
892 1999 1018 2068 Datami,
1112 1991 1114 2012 i

120 2076 277 2148 perscripta
294 2074 319 2128 ei
341 2075 439 2140 mittit,
460 2076 489 2128 in
508 2077 611 2148 quibus
625 2078 708 2133 docet
727 2097 811 2133 neum
830 2095 935 2150 magno
952 2076 1019 2134 fore

112 2152 258 2232 tunicula,
271 2153 381 2224 siquid,
395 2154 443 2209 illo
456 2153 626 2228 imperante,
640 2155 669 2209 in
681 2157 806 2230 AEgypto
818 2154 929 2210 adversi
938 2157 1018 2212 acci-

120 2230 211 2291 distat.
225 2234 353 2306 Namque
369 2252 430 2288 eam
445 2234 749 2292 esse-consuetudinem
764 2234 873 2308 regiam
887 2243 919 2288 ut
935 2253 1017 2292 casus

119 2311 254 2370 adversos
266 2313 430 2369 hominibus
440 2313 727 2382 tribuantseeundos
735 2313 859 2369 fortunae
870 2331 942 2368 sne:
954 2330 1017 2385 quo
1079 2340 1082 2347 ·

120 2387 182 2447 fieri
201 2402 232 2447 nt
252 2392 331 2449 facile
353 2392 536 2468 impellantur
552 2393 588 2449 ad
598 2411 707 2448 eorum
715 2393 876 2466 perniciem
889 2409 1016 2464 quornm
1088 2412 1091 2420 ·

114 2469 208 2531 tinctu
220 2490 265 2527 res
277 2474 348 2528 male
355 2485 438 2546 gestae
445 2473 626 2529 nuntientur:
640 2472 720 2527 illum
734 2469 815 2527 hoc¹⁷
829 2471 939 2543 majore
951 2469 1016 2527 tore

114 2549 150 2609 ,in
161 2548 331 2619 discrimine,
346 2553 434 2622 quod,
447 2553 551 2624 quihus
562 2572 612 2608 rex
624 2551 745 2608 maxime
757 2551 884 2617 obediat,
892 2567 946 2605 eos
956 2548 1012 2604 ha-

120 2626 185 2684 beat
207 2628 439 2686 inimicissimos.»
456 2631 574 2686 Talibus
590 2631 637 2686 ille
657 2631 757 2686 litteris
772 2629 906 2705 cognitis,
924 2646 1015 2700 qnam
1088 2620 1098 2641 ²

119 2705 176 2777 jam
193 2708 230 2762 ad
251 2712 406 2765 exercitum
428 2712 505 2764 Acen
526 2709 660 2776 venisset,
679 2709 759 2779 qnod
776 2727 838 2762 non
863 2704 1016 2778 ignoer

120 2803 152 2842 ea
163 2787 230 2842 vcra
240 2791 357 2862 scripta,
369 2789 523 2844 desciscere
535 2808 551 2842 a
562 2805 628 2861 rege
639 2785 793 2841 constituit.
807 2785 1014 2857 Nequetamen

120 2864 276 2940 quidquam
297 2868 360 2922 fecit
377 2869 455 2940 quod
476 2866 532 2922 fide
544 2868 593 2923 suit
606 2876 675 2922 esset
694 2864 857 2938 indignum:
870 2881 936 2919 nam
948 2863 1015 2918 An·

120 2945 247 3002 drnclem
263 2947 448 3021 Magnetem¹⁸
459 2947 594 3001 exercitui
609 2943 750 3020 praefecit,
764 2944 821 3017 ipse
834 2961 900 2998 cum
916 2939 972 2997 auis
984 2941 1014 2999 itt

120 3023 327 3098 Cappadociam
350 3026 482 3090 discedit,
503 3027 741 3097 conjunctamque
763 3022 830 3078 huic
846 3019 1015 3096 Paphlago·

120 3102 223 3158 aiam¹⁹
232 3117 365 3179 occupat,
379 3105 536 3176 celansqud
546 3104 692 3159 voluntate
700 3101 804 3158 essetin
816 3119 922 3175 regern.
931 3098 1011 3155 >ctam

120 3200 184 3239 cum
195 3183 417 3240 Ariobarzanem
424 3183 488 3239 facit
496 3182 657 3252 amicitiam,
670 3198 786 3236 manum
793 3186 1010 3256 comparantu-

120 3262 168 3318 bes
179 3264 303 3321 nimitas
312 3265 369 3320 suis
381 3264 500 3319 tuendas
511 3261 605 3318 tradit
